2700 4906
225 327 557 406 SECVNDAE
590 331 891 410 EDITIONIS
943 331 946 337 ’
992 354 1098 417 ’xcv
1139 358 1141 362 ’

53 556 156 606 mone
176 535 368 632 poetico,
418 540 531 633 quein
559 535 642 633 quis
671 530 720 607 ad
739 558 911 608 normam
934 536 1095 617 aliorum

54 662 241 741 restituere
269 663 414 756 studet,
461 684 525 740 aut
551 670 696 740 auctori
728 663 832 740 suurn
851 693 995 745 morem
1017 680 1095 750 vin·

56 798 185 874 dicare.
240 798 433 899 Pleraque
456 823 503 873 ex
523 800 580 874 his
595 803 636 872 in
654 803 861 898 marginem
881 809 1001 878 autin
1017 806 1094 884 lec·

57 939 196 1009 tionem
213 937 428 1008 variantem
455 958 500 1009 ac
525 936 692 1010 criticam
712 936 869 1009 reiicere
890 932 999 1012 satius
1022 939 1093 1016 esta

57 1072 91 1141 in
108 1085 338 1144 contextum
359 1066 453 1141 nihil
477 1066 767 1157 admittendum,
799 1064 867 1142 nifi
888 1071 993 1170 quod
1015 1092 1110 1150 tam.

56 1200 198 1305 liquido
227 1198 393 1292 constet,
439 1220 477 1276 vt
499 1200 602 1275 nulla
623 1175 826 1295 dubitarim
865 1205 1010 1281 nedum
1030 1235 1090 1286 ca.

56 1337 210 1427 villario,
247 1334 344 1409 illud
365 1332 567 1437 infringere
588 1332 708 1437 poffit.

124 1473 170 1543 In
193 1469 271 1542 alio
295 1473 441 1544 critices
465 1493 603 1569 genere
625 1467 787 1545 seuerior
802 1467 875 1563 fui,
899 1473 1011 1550 ineo
1031 1481 1089 1552 in-

59 1629 185 1706 quam,
226 1600 334 1703 quod
364 1600 415 1679 ad
446 1601 568 1677 rlcera
607 1601 835 1703 detegenda,
882 1605 932 1679 ad
968 1573 1088 1686 versus

58 1739 285 1813 adulterinos
308 1754 347 1811 et
366 1730 631 1835 supposititios,
664 1735 821 1836 spectat:
856 1740 1091 1842 quandoqui-

58 1872 140 1947 dem
161 1872 276 1944 nimis
296 1869 410 1944 alieni
429 1867 476 1942 ab
501 1894 546 1944 ea
566 1866 769 1970 suspicione
790 1869 896 1972 fuere
916 1874 1090 1952 editores.

57 2009 180 2080 nexit
202 2008 373 2078 animum
395 2000 572 2077 amnem
591 2007 810 2095 auctoritas,
842 2010 908 2107 qur
923 2005 1092 2108 suspicio
1151 1975 1157 1983 ’

59 2166 119 2214 nes
139 2139 254 2212 huius
277 2141 422 2238 generis
445 2162 467 2209 a
486 2160 550 2211 me
570 2142 862 2213 communicatas
875 2167 945 2240 pro
960 2144 1091 2225 iudicii
1147 2131 1149 2134 Α

60 2277 228 2349 acumine
251 2244 457 2349 admodum
480 2268 674 2372 probauit,
715 2290 754 2348 et
779 2278 820 2347 in
839 2273 1006 2360 editione
1028 2276 1091 2352 sua

60 2407 172 2484 versus
202 2408 328 2481 eiecit.
391 2403 507 2479 Nolui
538 2422 665 2480 tamen
701 2411 962 2481 auctoritatem
987 2407 1091 2510 sequi

61 2542 187 2616 inhoc
210 2564 386 2640 quoque,
414 2557 467 2630 vt,
499 2563 606 2640 quae.
617 2536 780 2638 suspecta
801 2538 933 2632 edent,
957 2541 1091 2620 rescin-

63 2675 184 2752 derem
222 2691 261 2748 et
302 2698 350 2748 ex
384 2690 566 2748 contextu
598 2693 855 2764 excernerenr3
905 2701 994 2750 narn
1016 2681 1113 2776 pri-‚

63 2835 158 2882 mum
179 2806 223 2882 id
243 2807 336 2880 mihi
356 2803 550 2881 videbatur
563 2803 793 2907 imperiofius
815 2806 955 2883 factum
975 2834 1091 2908 quarn

64 2970 183 3021 neum
225 2940 380 3043 quidem
414 2942 606 3041 ingenium
646 2940 777 3015 ferret:
833 2960 914 3013 tum
950 2940 1091 3016 versum

66 3076 323 3181 quaerentibus
349 3096 388 3149 et
408 3074 543 3148 libmm
563 3073 825 3151 euoluentibus
846 3073 954 3149 valde
972 3075 1091 3149 mole-

65 3211 149 3286 stum
178 3209 250 3302 est,
294 3207 324 3285 fi
353 3207 523 3285 versuum
560 3233 760 3284 numerum
791 3210 982 3284 turbatum
1018 3206 1090 3284 effe

66 3348 216 3422 rideant.

127 3481 318 3556 Lectionis
339 3481 573 3569 varietatem,
610 3479 746 3580 partim
761 3501 808 3551 ex
820 3480 1092 3552 Burmanniana

70 3613 237 3704 haustam,
272 3617 410 3712 partim
431 3639 477 3689 ex
501 3615 691 3701 Pierianis,
717 3613 966 3701 Martinianis‚
995 3611 1091 3685 aliis·

71 3773 133 3848 que
161 3746 358 3851 codicibus
384 3765 423 3822 et
449 3745 535 3821 edd.
568 3746 722 3819 dimidio
744 3749 968 3835 auctiorem,
1012 3768 1092 3816 non

70 3884 171 3958 nodo
190 3889 376 3958 intactam
398 3879 550 3981 reliqui,
586 3885 843 3956 verumetiam
862 3876 1092 3953 emendatio·

72 4041 135 4092 rem
162 4016 315 4096 reddidi
347 4034 387 4090 et
411 4019 520 4089 nouis
548 4011 830 4106 aecessionibus,
878 4012 927 4086 de
958 4009 1094 4112 quibus
1196 4044 1200 4061 ·

73 4151 134 4249 post
154 4155 301 4247 dicam,
330 4149 577 4253 locupletaui:
609 4175 697 4226 cum
717 4147 830 4224 semel
848 4146 889 4222 id
910 4167 1020 4243 agere
1039 4145 1097 4213 in·

109 4290 253 4365 'sorel
698 4282 717 4354 i
