2700 4906
301 365 376 440 700
523 331 1146 409 P.v1RG1L11MAtt0N1s

304 519 459 599 Tristior
484 517 661 594 hibernas
684 518 796 594 coelo
817 517 1019 596 descendit
1041 526 1086 596 in
1105 520 1235 597 undas.
1277 518 1330 597 235

305 660 381 734 Illis
405 661 461 730 ira
491 653 652 727 modum
677 652 783 756 supra
807 653 877 748 est,
921 655 1135 760 laesaeque
1151 682 1319 737 venenum

306 789 491 869 Morfibus
516 787 713 890 inspirant,
744 805 797 864 'et
817 787 960 892 spicula
986 817 1112 868 caeca
1148 791 1335 894 relinquunt

308 926 465 1005 Adstxae
487 927 608 1017 venis,
647 929 866 1025 animasque
889 929 934 998 in
959 927 1127 1005 volnere
1153 947 1302 1029 ponunt.

310 1148 383 1184 men.
419 1124 542 1196 aquosus
562 1121 616 1185 ost,
645 1124 691 1198 qui
711 1141 806 1199 aquen
838 1123 954 1190 imbres,
989 1128 1126 1184 eoncitat.
1154 1129 1225 1184 coni
1243 1128 1339 1185 Exest

310 1215 340 1269 lt.
362 1213 380 1266 l.
402 1210 448 1266 sub
469 1210 515 1264 fin.
590 1211 641 1265 236
658 1211 774 1263 modum
789 1211 881 1282 super
905 1209 949 1285 est
972 1213 1109 1267 nonnulli
1136 1215 1248 1270 Pieti‘nni
1267 1231 1291 1270 et
1305 1216 1338 1270 Gt

311 1299 403 1372 phnnii
435 1294 511 1356 Md,
550 1293 618 1348 vnde
650 1294 694 1348 ille
715 1295 826 1367 supera
855 1296 935 1357 sicit,
987 1297 1069 1370 quod
1095 1301 1280 1356 Lueretinnun
1305 1298 1339 1354 ed,

311 1386 363 1439 238
382 1380 501 1454 Affixoe
519 1389 602 1434 veuit
623 1381 758 1452 vulgatum
777 1380 840 1434 inde
858 1380 892 1434 nb
910 1379 994 1434 Aldd.
1030 1384 1155 1455 Adfita
1177 1394 1209 1440 tn
1222 1385 1339 1440 ventsse·

311 1468 423 1525 Montes.
443 1485 458 1519 ι
480 1484 517 1518 m.
531 1463 579 1518 sec.
599 1480 626 1518 et
645 1485 683 1537 pr.
704 1466 801 1518 Moret.
822 1484 888 1518 vnut
906 1465 1038 1520 Arundel.
1065 1485 1096 1524 ot
1113 1470 1183 1524 alter
1199 1491 1257 1526 cum
1268 1471 1341 1526 ute

313 1573 375 1609 cunt
389 1551 449 1605 edd.
470 1550 605 1603 nonnullis
627 1551 713 1614 (inter
729 1567 794 1623 quat
813 1555 918 1621 digent,
938 1555 1023 1614 1502,
1045 1572 1165 1610 notante
1181 1554 1290 1615 Reitkio.
1310 1556 1340 1610 tui

313 1640 390 1694 valde
408 1635 538 1691 arridebat
559 1654 590 1688 en
619 1634 730 1700 lectio),
767 1635 872 1708 Affiaea
895 1646 925 1690 ln
945 1646 1041 1691 uenis.
1092 1641 1190 1695 Videri
1208 1642 1287 1715 potest
1302 1644 1341 1696 noe

316 1723 506 1783 Grammatici,
534 1721 567 1772 de
587 1736 671 1775 tnetro
688 1718 800 1783 solliciti.
819 1741 900 1794 open
918 1723 1122 1794 interpolatum
1140 1727 1193 1783 else
1209 1749 1241 1782 ex
1252 1727 1341 1800 Adfiu

314 1819 413 1873 vonis,
443 1806 496 1862 scil.
510 1805 623 1881 spicula,
655 1822 682 1860 vt
701 1823 755 1861 etet
768 1809 797 1860 in
809 1807 888 1862 Pierii
905 1826 1049 1881 peruetere
1072 1811 1163 1876 libro,
1192 1815 1294 1869 Mate
1311 1832 1339 1887 μ

314 1973 411 2036 occas.
431 1969 484 2032 fid.
505 1989 577 2052 pag.
594 1969 634 2049 59
650 1965 692 2051 sq.
735 1965 809 2027 Aut
851 1990 889 2031 ex
907 1967 1012 2050 positu
1029 1976 1068 2033 in
1092 1973 1237 2057 sphaera.
1275 1978 1341 2038 Vlto-

314 2076 373 2135 vbi
405 2071 522 2132 eudem
548 2072 647 2132 Pleias
677 2068 808 2148 descen·
848 2077 967 2133 riorem
984 2073 1240 2140 declarationem
1253 2080 1340 2140 vidit

315 2177 367 2237 dle
387 2176 492 2242 caelo,
523 2174 646 2246 occidit,
674 2171 809 2250 tristior,
849 2175 990 2237 Excursu
1004 2177 1048 2237 ad
1063 2177 1098 2238 h.
1115 2202 1145 2240 v.
1161 2181 1289 2242 vbieun
1302 2203 1340 2242 ex·

315 2282 388 2362 quia
419 2273 509 2348 tristi,
550 2279 671 2356 ingrato
678 2318 689 2349 ,
735 2278 809 2334 enni
849 2278 949 2359 posui,
981 2301 1056 2340 curn
1082 2283 1173 2343 nulla
1196 2290 1339 2366 cuiuspiam

315 2395 475 2461 tempore,
518 2379 554 2436 iu
574 2374 683 2436 undas
701 2375 809 2435 luber-
850 2381 1042 2441 contumelia
1060 2385 1114 2444 vel
1130 2385 1338 2447 verborumn-

313 2503 393 2550 uas,
424 2476 650 2560 tempestatibus
673 2495 806 2552 vexatas,
847 2482 974 2544 lumnia.
1014 2486 1122 2547 Mirus
1142 2487 1187 2549 est
1202 2489 1338 2550 hominum

314 2590 431 2669 quippe
475 2580 577 2642 mense
624 2582 805 2643 Nouembri.
847 2605 933 2659 mos,
967 2591 1024 2668 qui
1045 2590 1178 2652 alterius
1200 2593 1337 2673 epulisre·

313 2687 351 2747 Iu
381 2706 463 2744 mure
492 2700 595 2744 autem
622 2685 652 2746 se
671 2687 806 2746 condere
847 2689 923 2768 pleti
945 2686 1012 2748 olla
1045 2692 1142 2754 adesa
1169 2698 1205 2756 in
1230 2702 1289 2757 eius
1312 2714 1336 2754 ot

312 2791 409 2850 videri
441 2786 565 2869 possunt
598 2786 695 2848 sidera
726 2792 806 2847 occi·
846 2791 981 2850 illidunt.

242 2898 245 2903 '
313 2893 427 2952 dentia.
468 2893 607 2971 fugiens
620 2888 715 2965 sidus
735 2889 805 2967 Pis·
890 2897 961 2956 236.
987 2894 1173 2957 Coniuncta
1190 2897 1265 2959 haec
1280 2917 1333 2957 cun

313 2999 360 3055 cis
382 2992 512 3077 aquosi,
554 2991 805 3076 quandoquidem
847 2995 1078 3076 superioribus3
1135 3020 1227 3072 nam,
1275 3001 1332 3059 dun

311 3102 337 3158 is
350 3097 507 3156 Pleiadum
520 3092 590 3155 situs
605 3093 648 3156 est
661 3100 695 3154 in
708 3094 803 3167 caelo,
846 3099 907 3159 mel
931 3099 1141 3175 exscinditur,
1165 3107 1225 3164 iras
1247 3107 1331 3184 opium

311 3215 345 3260 vt
365 3201 442 3258 alter
456 3189 583 3258 Piscium
603 3219 654 3259 ees
675 3218 693 3255 a
715 3211 803 3279 tergo
845 3204 978 3262 maxime
1011 3209 1186 3283 experiare.
1250 3207 1329 3264 seno

310 3323 418 3382 urgere
434 3317 465 3360 et
480 3301 597 3383 insequi
618 3301 715 3360 videri
735 3300 804 3381 pos·
844 3302 897 3375 111,
918 3306 967 3376 16,
987 3325 1006 3383 7
1030 3326 1143 3389 neque
1158 3311 1288 3387 ignaua,
1303 3321 1329 3363 tt

309 3401 362 3474 stt,
397 3419 491 3484 vtque
514 3405 593 3464 adeo
615 3423 682 3463 non
700 3399 736 3461 fit
762 3403 801 3463 de
843 3425 931 3473 non,
968 3409 1028 3489 qui
1053 3412 1129 3468 eius
1149 3432 1230 3492 opus
1251 3429 1327 3469 cone·

308 3503 509 3585 subsequente
561 3506 663 3588 aliquo
710 3505 800 3566 Piscis
842 3521 897 3566 eur
936 3505 1150 3580 disturbare,
1215 3510 1326 3590 reststat.

309 3605 416 3666 occasu
434 3608 661 3688 accipiendum
687 3607 739 3668 sed
760 3609 800 3670 do
843 3612 914 3689 257.
936 3610 1075 3692 spicula
1098 3636 1214 3684 caeca,
1241 3613 1325 3675 lto<-

307 3708 468 3768 Pleiadum
491 3709 598 3769 occasu
620 3715 709 3770 vnice
729 3731 800 3794 ugu-
842 3713 939 3785 culta,
972 3712 1094 3790 breuia,
1124 3738 1206 3800 quae
1220 3711 1325 3798 possunt

306 3826 371 3884 tur,
399 3815 526 3893 quaein
546 3809 672 3893 sphaera
690 3818 733 3874 ita
749 3836 800 3875 ex·
840 3816 947 3876 lutere.
983 3818 1073 3878 Seru.
1127 3818 1257 3897 Morsus
1277 3835 1322 3898 pro

304 3911 422 3997 pressae
447 3913 532 3986 sunt,
575 3930 608 3974 vt
634 3936 719 3996 pone
747 3937 797 3977 eas
840 3920 1020 3981 aculeorum
1044 3920 1159 3982 ictibus
1182 3923 1255 3993 dici,
1279 3917 1321 3979 ol>

304 4016 418 4098 positus
438 4013 473 4077 sit
497 4017 574 4076 alter
595 4038 632 4076 ex
653 4018 796 4080 Piscibus.
838 4025 930 4082 vium.
976 4025 1050 4087 238.
1070 4023 1220 4106 Adfiwe
1234 4023 1321 4083 vonis,

300 4120 467 4181 Descendit
488 4125 591 4203 itaque
605 4121 714 4194 Pleias,
746 4126 796 4182 cui
837 4128 959 4209 grauius
981 4147 1079 4208 quam
1102 4134 1180 4202 cuti,
1203 4127 1317 4206 corpori.

300 4242 318 4282 u
346 4238 434 4307 tergo
465 4227 581 4287 vicinus
615 4221 659 4292 est
694 4225 795 4302 Piscis,
835 4229 873 4290 iu
900 4228 1059 4299 uulnere,
1102 4234 1138 4295 in
1172 4228 1317 4295 intuendo
