2692 4914
195 336 546 412 GEORGICON
575 335 963 457 moino-⁴439:
1024 338 1095 413 581

66 526 183 613 Pura,
214 549 340 624 neque
362 520 499 598 obtufis
523 547 592 624 per
611 522 761 599 coelum
780 525 955 599 cornibus
975 527 1060 601 ibit:

67 660 189 730 Totus
210 675 247 730 et
270 658 334 732 ille
354 658 449 750 dies,
472 677 539 780 Ιιιι,
566 663 630 760 qui
655 655 853 733 nascentur
876 658 922 731 ab
943 660 1007 735 illo

65 795 249 865 Exactmn
282 791 331 863 ad
371 791 553 885 mensem,
604 793 733 893 pluuia
768 799 961 895 ventisque
996 821 1098 870 care·
1152 811 1154 814 ’

683 926 797 1016 bunt;
1020 930 1094 1013 435

66 1059 243 1158 Votaque
271 1056 402 1132 seruati
429 1056 572 1131 soluent
596 1062 636 1130 in
660 1059 771 1134 litore
797 1059 934 1135 nau'tae

65 1192 213 1266 Glauco
236 1211 273 1266 et
295 1195 495 1293 Panopeae
520 1212 558 1266 et
583 1196 677 1266 Inoo
700 1193 928 1269 Melicertae.

118 1326 185 1401 Sol
207 1328 362 1428 quoque
381 1345 417 1400 et
434 1331 622 1420 exoriens,
651 1344 690 1402 et
711 1353 829 1430 quum
850 1327 885 1403 Ie
901 1325 1041 1402 condet
1054 1327 1095 1400 in

700 1461 829 1552 vndas,

60 1589 175 1692 Signa
196 1590 314 1682 dabit;
354 1588 468 1666 lolem
489 1590 683 1669 certiffima
706 1592 805 1695 figna
832 1592 1044 1694 lequuntur,

61 1808 191 1863 Senecam
206 1786 309 1862 Suasor.
325 1824 352 1880 p.
367 1825 409 1876 ²7·
445 1827 566 1881 namque
589 1808 634 1862 hia
647 1808 731 1863 Goth.
745 1824 784 1881 pr.
799 1803 872 1860 voss.
888 1825 927 1877 pr.
947 1805 1007 1861 edd.
1023 1807 1093 1862 lunt.

61 1910 89 1948 et
109 1894 168 1947 nid.
189 1914 228 1965 pr.
270 1895 317 1946 hic
336 1889 408 1946 vols.
488 1897 540 1961 433
559 1896 650 1948 Plena
666 1913 718 1948 nec
737 1891 839 1962 obtusas
864 1892 962 1946 Seneca
986 1891 1091 1946 Sunion
1184 1965 1186 1969 y

59 1981 93 2032 ln
115 1980 223 2033 Einonia
245 1980 380 2033 Chronico
402 1978 507 2050 vulgato
525 1981 552 2032 in
574 1979 691 2034 Analect.
709 1979 838 2033 Matthaei
857 1979 937 2031 Tom.
956 1979 993 2031 111
1013 1976 1095 2031 modo

59 2063 212 2135 vulgatum,
228 2066 310 2118 modo
327 2067 411 2117 Lata
433 2084 484 2118 nac
507 2065 632 2135 obscuris
651 2066 766 2126 recitari,
795 2065 897 2116 monuit
911 2064 999 2116 Burro.
1045 2064 1094 2116 ob·

60 2148 189 2219 eurestein
204 2151 325 2203 llomano
347 2167 373 2204 et
393 2150 481 2204 multia
502 2150 626 2205 scribitur.
662 2170 713 2204 aec
727 2150 803 2203 Pierii
820 2148 893 2210 libri,
912 2164 938 2208 at
953 2149 1037 2203 Goth.
1052 2166 1092 2222 pr.

59 2235 354 2305 434n11sceeurllom.
376 2235 452 2288 Pierii
471 2252 496 2291 et
517 2239 614 2308 Regius
633 2237 751 2292 Martini.
800 2236 952 2306 naseuntur
971 2233 1092 2306 Longob-
1208 2292 1212 2299 ,

59 2321 148 2374 Pierii.
235 2321 287 2388 435
305 2321 412 2374 carebit
443 2322 485 2374 ed.
511 2324 577 2381 Van.
668 2325 721 2391 456
738 2321 778 2374 ad
816 2323 930 2375 Iietora'
946 2321 1092 2383 Romanus.

58 2408 113 2475 437
132 2408 281 2476 Paaoptae
300 2407 398 2460 Medic.
434 2410 572 2479 Panopae
586 2407 627 2462 ed.
643 2410 712 2464 lunt.
747 2410 892 2469 Melicert!
910 2406 1008 2461 Medic.
1027 2426 1043 2459 ι
1055 2425 1092 2462 ιιι.

58 2511 102 2562 pr.
153 2492 252 2545 Graece
282 2490 357 2546 ellat:
396 2495 506 2566 Γλαύκῳ
535 2500 578 2550 ael
603 2500 731 2564 flaventia
770 2493 806 2549 ἰδ’
841 2493 913 2565 ’lady
937 2496 1094 2564 nonenim.

59 2579 185 2645 438801
204 2597 315 2650 quoque
336 2586 480 2640 exoriens,
517 2578 626 2642 lineet,
654 2580 745 2633 relicto
763 2579 851 2639 hiatu.
877 2578 976 2632 Medic.
994 2578 1091 2632 Monet.

60 2683 101 2736 pr.
116 2663 184 2715 Ven.
221 2665 272 2717 Sol
287 2685 313 2731 q.
330 2681 391 2716 cum
406 2685 428 2716 e.
447 2664 487 2715 ed.
501 2664 569 2716 Ven.
613 2665 712 2717 condit
735 2663 825 2735 fragm.
846 2665 951 2724 Mureti,
973 2664 1090 2717 Gudian.

61 2750 162 2802 Monet.
178 2767 256 2809 anua,
275 2749 385 2802 Menlel.
404 2767 442 2822 pr.
459 2768 473 2800 a
488 2768 522 2800 ιιι.
540 2769 577 2820 pr.
594 2766 619 2803 et
634 2749 775 2820 praeferam
795 2747 855 2818 ipse.
891 2767 943 2799 nec
959 2766 1042 2818 quum
1054 2750 1093 2818 se

58 2834 210 2904 Venlieg.
230 2853 293 2886 am.
311 2855 350 2906 pr.
400 2835 483 2888 audet
508 2835 591 2887 Goth.
614 2836 661 2887 lec.
713 2833 753 2886 ad
775 2833 868 2886 vadas
887 2833 986 2886 Mureti
1006 2849 1091 2906 quart.

56 2922 113 2991 459
127 2919 287 2991 sequamur
319 2921 419 2973 Pieiiua
446 2937 472 2974 et
496 2918 585 2972 Heinl.
611 2940 625 2972 e
651 2916 817 2978 melioribus,
855 2918 1013 2990 sequentur
1037 2918 1089 2974 alii.

58 3109 176 3175 poetae
197 3093 295 3166 facta,
322 3093 411 3153 facile
427 3093 558 3153 adrnira-
598 3093 849 3174 interpolatione,
877 3090 1009 3178 Etvoella
1030 3094 1093 3160 Με.

56 3195 141 3256 beris
167 3197 305 3256 Maronis
334 3196 480 3256 iudicium
524 3199 557 3254 ln
599 3194 729 3281 Iiua'pan.
772 3194 900 3274 Panope
915 3195 964 3255 vel
982 3198 1092 3255 Pano·

59 3299 177 3361 dilectu
206 3314 238 3359 et
261 3297 419 3359 breuitatis
449 3295 556 3359 studio.
594 3299 674 3378 peia
704 3291 871 3377 (flavian,
911 3291 1091 3379 Πανόπεια)

59 3416 199 3469 auctor,
226 3405 278 3483 qui
302 3401 475 3481 pollicetur,
504 3421 556 3459 va·
599 3395 641 3458 est
662 3401 743 3457 iuter
763 3398 929 3459 Nereides:
959 3400 1036 3462 Aen.
1051 3400 1092 3474 V,

59 3510 223 3577 ticlnatur,
273 3501 302 3563 h.
339 3504 359 3566 l.
396 3501 554 3584 praesagit.
600 3510 670 3580 240.
741 3500 948 3559 Melicercam
989 3519 1093 3564 autem

58 3611 135 3687 456.
155 3606 228 3687 437.
260 3607 402 3666 Secunda
423 3609 481 3664 erit
502 3624 556 3662 na·
599 3602 659 3665 elle
677 3603 894 3686 Palaemonem
915 3606 997 3665 inter
1018 3606 1092 3666 deos

57 3715 185 3793 vigatio.
228 3709 293 3768 Iam
314 3710 376 3788 437
398 3706 555 3768 Parthenii
598 3714 777 3786 receptum,
828 3704 901 3764 Inna
927 3706 948 3766 f.
957 3750 968 3781 ,
1023 3707 1092 3768 satia

57 3810 180 3872 versum
201 3807 277 3883 elle,
304 3829 341 3870 ex
364 3812 443 3873 Gell.
468 3809 554 3881 XIII,
599 3805 724 3870 conllat.

59 3918 114 3988 26,
138 3929 170 3975 et
187 3913 325 3974 Macrob.
343 3914 383 3987 V,
407 3935 443 3995 ¹7
464 3917 556 3975 noui·
648 3911 841 3988 458-440.
873 3906 938 3968 Iam
957 3909 997 3970 de
1018 3929 1092 3990 pro·

59 4039 147 4081 mus:
174 4011 301 4101 Γλαύκῳ
322 4016 372 4080 ael
385 4017 486 4100 Νηρεῖ
506 4014 558 4079 nol
598 4009 740 4095 gnosticis
761 4030 797 4071 ex
819 4010 881 4071 sole
903 4016 981 4093 agit,
1010 4029 1091 4092 quae

58 4119 209 4205 (ῑΝηρῆϊ
222 4121 284 4200 nal)
305 4111 391 4203 Ἰνῶῳ
406 4115 557 4203 Melanip·
597 4117 648 4175 ille
663 4131 694 4175 et
715 4113 767 4174 sub
791 4129 893 4174 onum
909 4129 941 4173 et
962 4111 1014 4173 sub
1039 4131 1093 4172 oe·

55 4250 99 4311 ”i
116 4223 168 4285 seu
181 4222 433 4296 thell.'landat,
452 4220 503 4282 led
518 4240 556 4282 ex
597 4217 696 4278 caium
710 4218 781 4297 dat,
804 4213 901 4276 affert.
940 4215 986 4272 Ex
999 4214 1093 4274 Arato
