2692 4914
280 312 626 390 oeoaorcou
656 315 800 406 urar,
823 310 1040 423 ψε--ιεοι
1117 312 1191 411 5η

159 501 208 571 Et
232 500 413 574 vertenda
436 527 567 590 manu,
605 518 643 575 et
665 519 767 576 creta
790 497 978 574 solidanda
1001 502 1139 574 tenaci:

157 636 217 706 Ne
231 630 383 707 subeant
396 634 552 725 herbae,
574 659 651 709 neu
664 633 823 734 puluere
835 638 932 707 victa
946 630 1102 723 fatiscam
1121 633 1190 706 180

157 815 209 870 alii
228 835 289 869 cum
306 825 440 887 pronum,
478 817 549 889 quod
566 813 670 887 vulgare
689 813 765 878 effet,
790 824 1026 887 quamprimum,
1057 815 1116 869 tum
1133 823 1191 886 pri·

158 920 241 953 mum.
276 921 299 953 v.
316 902 385 956 Gell.
401 902 485 964 XVII,
500 921 526 955 2.
560 902 645 954 Etiam
660 900 744 973 «stab
761 900 989 955 alilainteriicitur.
1062 918 1110 972 179
1126 921 1189 954 verz
1284 950 1290 963 ,

159 985 251 1038 rende
269 985 311 1038 ed.
326 985 438 1039 Mediol.
474 986 526 1038 Sed
539 981 664 1039 fodiendo
678 979 715 1040 eli
736 1001 802 1040 terra
815 1002 841 1040 et
853 984 1071 1040 comminuendae
1090 985 1188 1058 glebae.

157 1087 185 1125 vt
199 1071 267 1124 Cato
281 1090 303 1124 c.
319 1089 361 1143 9¹·
397 1070 562 1124 Euerteuda
574 1069 699 1125 Rottend.
713 1069 762 1124 sec.

156 1228 234 1290 flare
247 1225 364 1311 poliat,
387 1226 499 1288 solidus
515 1247 551 1287 ac
572 1243 656 1288 com·
696 1227 717 1289 l.
740 1227 791 1309 76.
823 1227 904 1288 coni.
925 1220 1069 1289 Dicklon.
1094 1223 1132 1287 T.
1148 1224 1188 1301 11,

159 1333 321 1414 planatus,
348 1330 604 1414 quoirumentum
619 1351 656 1390 ex
696 1353 729 1412 p.
744 1328 807 1394 583
820 1330 862 1413 sq.
886 1351 911 1392 c.
925 1338 977 1409 40.
1013 1331 1074 1391 Pro
1090 1330 1192 1411 cytin-

157 1455 232 1517 egro
259 1430 437 1516 congestum
455 1426 554 1491 [latim
576 1447 656 1493 tere·
697 1431 758 1494 dro
774 1430 952 1494 rotundum
975 1427 1119 1514 lapidem
1133 1433 1191 1493 oei

158 1535 251 1596 batur
274 1553 307 1596 et
326 1532 550 1611 ventilabatur3
588 1508 655 1593 ium
696 1536 869 1595 columnae
878 1535 1110 1613 fragmentum
1120 1556 1186 1596 me·

158 1654 325 1720 purgatum
353 1634 447 1697 corbe
476 1641 510 1695 in
541 1633 653 1696 horrea
694 1651 796 1697 moret
829 1636 991 1700 Palladius.
1045 1637 1188 1697 Eundem

159 1738 389 1820 deportabatur.
410 1760 438 1798 v.
452 1738 552 1798 Varro
569 1737 652 1799 deR.
694 1739 777 1799 vium
811 1736 982 1820 praestabat
1017 1739 1188 1821 particula,
1230 1720 1232 1726 Α

157 1843 198 1902 R.
213 1842 238 1914 1,
251 1843 310 1912 51;
330 1844 503 1914 nonenim,
519 1854 552 1898 vt
569 1839 653 1921 apud
693 1837 926 1901 instrumentum
946 1855 1044 1901 tettae
1058 1845 1189 1922 patrien-

158 1963 236 2013 noe,
259 1947 366 2004 tritura
387 1941 549 2003 inhorreo
572 1939 652 2001 insti·
695 1944 752 2003 dae
786 1957 819 2003 et
860 1942 1036 2003 solidandae
1070 1959 1187 2024 aptum.

158 2045 314 2106 tuebatur.
355 2046 475 2106 Scilicet
488 2029 562 2104 anni
577 2061 664 2105 tem·.
693 2045 835 2105 Imitatur
862 2043 944 2105 bunc
970 2045 1072 2105 locum
1092 2046 1187 2105 Colu-

158 2169 236 2230 pus,
259 2125 323 2230 buo
344 2145 404 2207 boc
418 2146 580 2222 faciebant,
602 2145 655 2206 lic-
695 2146 989 2231 mellaX,318sqq.,
1013 2163 1044 2208 et
1058 2146 1188 2229 respexit

146 2271 232 2310 *cum
263 2264 296 2308 et
327 2250 419 2309 nullia
448 2250 562 2331 pluuiis
599 2247 656 2309 ob·
696 2248 1072 2330 Plin.xvt11,29,r.7r.

144 2355 286 2413 'noxium
293 2393 305 2424 ,
327 2352 417 2434 quale
432 2356 466 2411 in
480 2348 539 2411 istie
554 2354 656 2432 regio·
736 2353 843 2415 180-
854 2349 923 2414 186.
933 2349 1080 2426 Obserua,
1090 2370 1188 2434 quau·

157 2453 251 2514 nibus
275 2449 335 2512 elle
351 2451 437 2525 solet,
458 2453 577 2513 nullum
592 2468 655 2513 tec·
696 2468 728 2514 to
744 2474 813 2513 orm
828 2468 940 2514 ornatu
955 2469 987 2514 et
1007 2457 1097 2534 copia
1110 2452 1188 2515 haec

160 2556 356 2627 tumlocum,
379 2569 411 2613 vt
426 2554 507 2635 apud
521 2574 589 2628 nos,
606 2574 655 2614 re·
696 2556 776 2616 dicta
808 2551 881 2616 fint:
923 2556 1039 2639 alioqui
1072 2576 1186 2632 mutet,
1226 2621 1229 2628 ,

161 2661 273 2740 quirit:
287 2661 320 2715 in
336 2661 371 2715 iia
386 2672 490 2715 tamen
505 2656 653 2737 partibus,
696 2659 811 2740 talpae,
835 2657 965 2718 bufones
980 2658 1100 2740 aliaque
1115 2681 1187 2740 rep·

160 2764 198 2820 in
214 2758 324 2841 quibua
348 2758 467 2818 caelum
481 2757 655 2819 inconstan-
694 2763 774 2833 tilia,
813 2764 887 2819 item
924 2761 1114 2822 curculiones
1147 2751 1186 2822 et

146 2865 222 2921 ¹tius
243 2859 332 2933 ellet,
368 2876 421 2920 aut
442 2861 591 2921 nubilaria
610 2865 655 2919 vi·
693 2864 860 2934 formicae,
889 2876 1006 2920 nocent
1019 2863 1185 2925 frumento.

160 2967 232 3023 eiua
259 2961 467 3022 habebantur:
500 2985 528 3022 v.
553 2963 652 3021 Varro
694 2985 757 3023 nen
776 2963 915 3046 proluere
930 2965 1020 3021 victa
1032 2965 1184 3044 sauscac.

160 3064 189 3131 1,
210 3066 257 3135 13,
268 3066 297 3135 5,
328 3081 381 3125 aut
403 3063 562 3125 inhorreo
584 3086 654 3145 per·
693 3069 772 3127 Rem
794 3062 921 3126 illustrat
939 3065 1057 3140 Varro,
1084 3066 1111 3134 1,
1132 3069 1185 3130 51.

163 3170 230 3226 ticis
249 3168 464 3229 exterebantur
484 3188 576 3250 grana
597 3187 654 3248 per
695 3189 787 3252 quern
819 3182 890 3227 ante
924 3167 1029 3229 oculor
1063 3168 1184 3231 habuitt

160 3266 307 3329 hiemem.
322 3292 350 3329 ν.
367 3271 487 3331 Colum.
502 3270 541 3338 ll,
558 3292 608 3341 21,
623 3279 653 3348 4.
695 3291 796 3332 aream
819 3273 861 3329 ait
887 3285 1031 3350 oportere
1053 3269 1112 3332 elle
1126 3274 1186 3351 so-

160 3371 296 3432 Modum
330 3371 513 3432 conficiendi
552 3393 653 3436 aream
695 3371 765 3431 lida
782 3387 871 3430 terra
888 3382 1061 3456 partitam,
1081 3379 1186 3436 moxi·

162 3475 299 3535 eundern
313 3475 377 3534 fere
392 3494 462 3533 curn
476 3471 578 3536 nostro
595 3491 654 3534 tra·
696 3473 793 3550 mefi
812 3473 856 3551 est
869 3475 1002 3552 argilla,
1022 3497 1075 3545 aa,
1095 3477 1186 3555 aestu
1268 3489 1270 3492 ⁴
1324 3526 1332 3540 .

161 3577 208 3637 dit
246 3592 369 3657 praeter
399 3578 531 3638 Varron.
550 3576 583 3645 1,
603 3578 654 3638 51.
693 3576 904 3660 paeminosa,
938 3581 1020 3657 (vox
1039 3578 1091 3639 seu
1109 3584 1187 3640 anti-

161 3681 242 3740 Cato
265 3680 304 3740 de
319 3681 355 3739 R.
369 3681 458 3759 R.9r
478 3695 508 3740 et
527 3699 594 3759 129.
616 3678 664 3736 cf⁸⁴
697 3696 790 3763 quatu
821 3679 871 3740 seu
903 3696 1062 3761 comrpta,
1104 3679 1187 3743 lica
1283 3696 1285 3700 ‘

162 3782 285 3841 Colum.
300 3781 340 3855 11,
359 3803 407 3843 20.
436 3783 548 3843 Palled.
568 3782 593 3855 l,
609 3786 654 3841 tit.
697 3783 832 3865 squalida
864 3779 1026 3867 αὐχμηραὶ,
1075 3783 1185 3864 luerit)

147 3886 215 3946 ³6.
246 3883 314 3957 Vll,
332 3890 376 3947 tit.
396 3907 421 3945 1.
452 3887 597 3967 Geopon.
616 3885 655 3957 ll,
697 3888 734 3944 in
764 3886 856 3943 rimis
882 3888 951 3943 eius
973 3906 1082 3962 grana
1105 3885 1185 3947 obli·

166 3990 218 4049 26.
243 3987 304 4046 vid.
327 3988 366 4047 ad
388 3987 503 4051 Tibull.
517 3989 542 4062 1,
558 3991 587 4062 5,
606 4010 655 4048 21.
700 3987 841 4064 resonat,
863 4002 896 4047 et
911 3990 1072 4069 recipiant
1092 3989 1184 4066 (illae)

169 4088 339 4169 Operosius
377 4111 478 4151 aream
511 4087 656 4150 instruere
699 4111 822 4172 aqrram
848 4105 881 4149 et
921 4088 1001 4165 ollio
1034 4091 1187 4171 aperiant

163 4192 327 4276 Virgilium
341 4195 383 4252 ait
396 4193 655 4274 Planxvffl,a9.
699 4191 846 4254 meatibus
882 4207 984 4275 atqrte
1022 4191 1187 4275 sormicit.
