2692 4914
102 323 108 393 ἶ
236 329 1031 424 GEORGIGONLIB.1V,324-335
1113 350 1231 426 721·

151 520 279 593 Tanta
298 545 408 596 meae
431 518 458 595 st
486 540 524 597 te
544 540 725 625 ceperunt
751 520 874 595 taedia
892 519 1025 594 laudis.

229 656 278 729 At
300 675 420 731 mater
441 654 601 730 sonitum
622 655 785 728 thalamo
808 653 871 727 sub
892 653 1053 727 fluminis
1073 652 1138 726 alti

148 785 290 864 Sensit:
326 814 409 863 eam
431 796 573 866 circum
602 787 744 862 Milesta
764 787 900 862 vellera
919 787 1116 888 Nymphae

149 922 384 1024 Carpebant,
423 925 523 1020 hyali
544 923 664 998 saturo
688 921 813 997 fucata
841 923 989 1013 eolore;
1112 921 1187 999 335

195 1135 249 1190 333
260 1135 403 1190 thalamos
411 1133 589 1209 alterManag.
619 1136 747 1190 thalamo
755 1134 886 1205 sonitum
893 1135 983 1188 Franc.
1037 1135 1088 1201 334
1098 1135 1188 1188 Sentit

147 1234 216 1274 vett.
238 1220 340 1296 aliquot
358 1223 429 1296 apud
450 1223 573 1276 Pieriam.
616 1219 735 1291 Molesta
755 1220 871 1275 Gudian.
913 1220 1033 1273 verbera
1051 1219 1149 1273 Medic.
1171 1240 1188 1274 a

144 1324 190 1359 m.
203 1325 243 1377 pr.
312 1309 362 1362 335
370 1307 473 1379 satyro
491 1309 570 1362 Rom.
586 1322 611 1361 et
624 1323 675 1361 trea
690 1304 761 1379 apud
774 1307 878 1367 Burm,
905 1320 931 1359 et
943 1303 978 1358 fic
992 1305 1065 1359 Seru.
1082 1324 1112 1359 ac
1125 1307 1188 1360 Phi·

146 1390 248 1463 largyr.
264 1393 316 1446 vid.
332 1392 366 1446 ad
381 1393 476 1465 Georg.
491 1395 524 1456 ll,
543 1411 600 1465 ¹97·
636 1400 746 1452 vitreo,
766 1390 872 1451 viridi,
894 1390 997 1454 hilari,
1023 1390 1186 1447 anennullit

147 1475 254 1532 lectum
274 1477 348 1534 luisse
367 1477 482 1531 eCerda
498 1477 638 1550 colligitur.
671 1478 819 1550 pliaucata
838 1475 922 1531 Goth.
941 1495 980 1550 pr.

148 1655 270 1738 meffes
287 1671 320 1718 et
339 1676 409 1717 cum
428 1654 552 1715 vitibus
566 1658 652 1715 iunc-
694 1653 825 1722 colore:
845 1654 944 1715 voluit
958 1653 1095 1716 colorem
1108 1654 1188 1736 laya-

148 1773 186 1818 ta
217 1780 287 1818 cum
315 1760 459 1825 Martino,
480 1757 562 1818 dices
591 1754 652 1818 esse
694 1756 799 1816 linum
827 1761 1015 1839 exprimere,
1057 1754 1087 1816 b.
1117 1762 1188 1818 viri-

148 1859 283 1922 arborea
304 1859 390 1920 satas.
446 1860 580 1928 molire,
608 1863 653 1919 vi·
694 1859 782 1929 dem,
810 1862 901 1932 vitro,
930 1858 1082 1920 viridioris
1104 1860 1189 1921 colo-

147 1961 229 2038 bra,
273 1966 369 2036 iacta,
414 1976 446 2022 vt
473 1962 653 2023 excidamur
692 1967 733 2022 ris
754 1975 848 2042 puta,
874 1957 1011 2021 fimilem.
1061 1962 1190 2044 hyalus,

150 2068 244 2127 vires.
568 2106 575 2114 ,
693 2053 794 2139 lator,
818 2084 877 2145 pro
897 2069 987 2139 vitro,
1015 2084 1100 2127 noue
1125 2067 1188 2130 dic·

197 2169 264 2231 333
279 2164 343 2249 sqq.
371 2166 560 2228 Adumbrata
575 2165 653 2229 haec
693 2181 775 2227 tum:
791 2166 872 2228 sorte
887 2165 961 2225 dum
974 2187 1119 2249 graecum
1134 2172 1189 2232 ali-

151 2291 195 2331 ex
217 2271 373 2343 Homero,
415 2271 467 2330 vbi
485 2270 593 2332 Thetis
617 2273 653 2330 in
694 2289 788 2352 quem
831 2283 958 2349 poetam
1005 2269 1189 2355 sequebatur

149 2376 224 2432 imo
260 2375 351 2431 maris
393 2372 493 2434 fundo
534 2373 652 2432 luctum
693 2371 857 2453 Virgilius,
887 2390 961 2431 nam
983 2392 1020 2432 ex
1042 2378 1103 2436 vita
1125 2379 1190 2438 vul·

149 2471 282 2535 Achillis
325 2472 453 2535 resciscit
492 2475 578 2534 Iliad.
621 2499 652 2549 σ,
694 2479 760 2558 gari
791 2489 823 2535 et
855 2471 989 2534 tabernis
1023 2473 1189 2556 institoriis,

151 2578 200 2640 35
217 2573 260 2657 sq.
298 2574 462 2652 sonitum,
483 2575 651 2651 confusum,
695 2575 718 2637 fi
736 2576 786 2638 vel
804 2579 945 2650 maxime,
966 2578 1052 2660 quod
1066 2583 1189 2662 ignoro,

149 2676 301 2739 nondum
344 2677 486 2739 disertam
532 2700 653 2752 vocem,
695 2678 787 2758 hyali
808 2699 868 2738 vox
883 2681 974 2738 iniis
995 2678 1191 2763 frequentata

152 2801 223 2864 qua
247 2778 343 2840 filium
363 2781 526 2863 agnoscere
545 2779 653 2864 pollet.
696 2778 807 2853 suisset,
838 2800 907 2840 eam
927 2798 995 2841 non
1019 2782 1191 2864 adoptasset

155 2885 251 2966 Quae
264 2882 445 2967 sequuntur,
473 2884 652 2944 adumbrata
695 2885 797 2946 Maro.
834 2881 971 2942 Imitatus
985 2881 1098 2944 Auson.
1112 2887 1192 2949 Mos.

152 2985 281 3048 suntad
297 2989 390 3046 vitam
410 2985 577 3068 priscorum
599 2985 656 3047 ho·
696 2988 761 3065 418
793 2983 969 3045 Caeruleos
984 3005 1083 3061 nune,
1106 2989 1191 3049 Illae·

153 3093 297 3167 minum3
314 3087 461 3150 sedebant
474 3094 508 3148 in
521 3086 655 3149 thalamo
698 3108 757 3157 ne,
785 3085 880 3164 smrts
896 3087 1060 3171 hyaloque
1081 3092 1191 3150 viren-

154 3191 301 3275 puellae,
330 3193 424 3250 etiam
443 3194 564 3273 regiae,
591 3187 657 3250 asst-
698 3205 765 3252 tem
778 3189 896 3250 Pande
905 3191 1049 3274 peplum.
1093 3193 1192 3255 Simili

156 3291 306 3354 dentibus
342 3290 394 3352 seu
428 3293 590 3355 comitibus
625 3309 657 3355 et
699 3292 772 3355 ausu
806 3315 825 3354 a
853 3295 975 3355 Lucret.
1008 3293 1070 3367 IV,
1112 3314 1195 3364 trau

156 3392 338 3477 aequalibus
366 3392 419 3455 seu
445 3395 582 3469 famulis,
623 3409 657 3456 vt
699 3393 874 3475 ebalaffina
903 3392 1000 3474 vellis
1026 3395 1124 3471 dicta,
1160 3411 1194 3459 et

158 3517 241 3579 opus
256 3496 394 3557 lacerent
413 3494 466 3557 seu
483 3497 589 3559 nendo
606 3496 659 3558 seu
697 3490 896 3564 &aaaron
922 3495 1032 3583 μίτραν
1061 3495 1103 3558 stc
1130 3497 1193 3559 dic·
1266 3533 1270 3546 .

158 3599 314 3670 texendot
349 3617 434 3660 nunc
455 3599 571 3660 deabus
593 3596 658 3660 effi·
699 3615 764 3661 tarn
777 3615 855 3681 puto
871 3619 921 3682 ap.
934 3597 1106 3684 Tryphiod.
1120 3602 1194 3664 333

159 3715 291 3786 gnatum
322 3720 401 3782 opus
427 3722 446 3762 e
474 3702 546 3763 lana
569 3723 659 3784 prae·
700 3704 779 3763 Sunt
799 3706 893 3784 igitur
913 3701 1040 3781 vallera
1057 3702 1196 3782 fitcata,

159 3798 355 3877 llantisslma,
383 3801 517 3876 Milesia,
547 3820 580 3865 vt
598 3806 657 3867 Ge.
699 3805 772 3867 lana
799 3808 911 3878 tincta,
953 3805 1065 3866 colore
1092 3804 1194 3886 hyali,

159 3903 218 3978 111,
233 3907 296 3987 507
317 3905 458 3982 vidimus,
474 3907 578 3970 colore
593 3927 661 3970 cae·
701 3910 788 3981 vitri,
818 3905 849 3967 b.
872 3907 977 3970 colore
997 3908 1103 3980 viridi,
1134 3907 1196 3985 sa·

161 4007 265 4069 ruleo.
332 4010 405 4087 534.
432 4010 567 4072 Vellera
589 4031 662 4070 car-
704 4023 792 4078 turo,
812 4007 842 4072 h.
857 4030 921 4094 quo
940 4009 1003 4093 ipsa
1026 4010 1137 4071 vellera
1152 4007 1196 4070 sa-

160 4107 308 4193 pedam,
352 4109 458 4174 laum
507 4114 662 4176 ducebant
704 4127 805 4173 turata
836 4110 921 4185 sunt,
967 4132 1041 4174 nam
1069 4116 1198 4194 proprie

164 4210 253 4288 fuso,
285 4210 414 4277 nebant.
478 4219 552 4284 335.
573 4217 664 4302 hyali
705 4217 787 4302 lano
807 4211 850 4279 est
858 4214 998 4296 satura,
1027 4234 1106 4302 quae
1128 4213 1198 4278 satis
