2692 4914
225 445 231 458 ,
270 341 560 432 tusconen
584 336 939 449 neurus-12
1058 327 1127 435 ωδ

87 539 228 638 Teque
252 538 351 616 sileo
374 542 489 619 decus
511 543 587 618 hoc
608 546 711 634 aeui,
746 559 784 616 te
797 541 974 634 Consule,
1004 530 1128 638 inibit*

77 672 241 762 Polli03·
262 691 302 748 et
321 681 503 778 incipient
521 682 645 776 magni
664 674 873 777 procedere
892 676 1044 753 menses.
1236 753 1240 762 ¹

72 857 142 916 lum
167 852 329 936 ostendit,
367 865 454 946 quod
473 851 595 949 sibylla
628 867 670 923 ita
694 864 823 923 dicitur:
857 863 991 923 ineunte
1019 851 1125 936 anno}

72 962 157 1021 Solis
173 959 242 1023 elle
255 971 474 1040 memorauit„
496 969 586 1032 Seru.
628 968 755 1042 mense:
776 967 882 1024 iniens
895 969 1123 1050 aetas':'qtiid-'

67 1063 221 1124 Videtur
243 1063 306 1127 boc
322 1069 492 1151 tenendum.
514 1068 584 1132 esse.
626 1073 660 1129 ni
673 1073 766 1130 etiem
780 1089 889 1150 annus
904 1071 992 1134 init?
1020 1086 1053 1132 et
1067 1093 1122 1132 eo·

63 1165 241 1227 Fabricius
279 1166 357 1228 Bibl.
394 1170 450 1231 Gr.
483 1172 509 1246 1,
532 1175 584 1246 30,
627 1170 698 1230 dem
723 1170 819 1230 modo
848 1172 963 1233 dictum
988 1172 1121 1252 ingredi

61 1273 95 1346 ς.
124 1278 169 1348 ¹4
206 1269 307 1328 multe
337 1270 463 1352 quidem
491 1273 582 1336 docte
623 1293 682 1352 pro
703 1275 857 1353 incipere,
870 1288 873 1295 ·
888 1289 920 1333 vt
942 1276 999 1336 Ge.
1020 1277 1052 1348 I,
1074 1285 1118 1354 4²

62 1388 191 1432 eontra
218 1371 374 1452 disputat,
394 1373 456 1455 ipse
477 1390 583 1437 tamen
623 1360 805 1452 ingredere.
850 1375 1064 1453 (Burmannus,
1084 1393 1119 1440 vt

63 1475 180 1534 multo
199 1471 410 1535 molestiorem
430 1481 582 1538 rationem
623 1479 666 1536 ita
701 1480 877 1558 iungemus,
917 1496 1023 1542 auctor
1056 1477 1117 1542 estt

60 1580 246 1658 proponit,
279 1592 312 1636 vt
337 1593 368 1638 et
396 1598 504 1639 omnes
533 1599 584 1640 ce·
623 1577 766 1658 Apollo,
794 1577 853 1641 hoc
873 1576 925 1653 est,
955 1583 1115 1665 Augustus,

61 1683 132 1737 teri
164 1682 369 1760 interpretes.
422 1680 455 1738 Si
484 1678 582 1741 subse-
624 1676 707 1739 bunc
733 1680 797 1740 sere
819 1683 993 1764 intelligunt
1024 1673 1118 1743 interss

61 1779 251 1862 quentibus
276 1779 466 1861 temporibus
491 1780 582 1864 serip-
623 1795 737 1860 pretes,
748 1781 845 1840 inibit
853 1781 1020 1841 deenslao'c
1028 1788 1115 1857 aeui,

62 1897 141 1941 tum
178 1877 259 1941 ellet
293 1903 432 1956 carmen,
469 1883 581 1944 serrem
624 1896 668 1949 te,
687 1882 806 1951 Pollio,
829 1885 973 1962 Consule.
1002 1888 1115 1949 Melius

61 1981 147 2043 sane
180 1982 378 2063 Apollinem
412 2005 470 2064 pro
502 1987 581 2044 Cae-
621 1982 788 2044 subiectum
805 1983 878 2046 esset
893 1983 932 2045 stc
952 1986 1014 2069 ipse
1032 2002 1117 2069 puer
1206 2029 1212 2040 ·

51 2085 150 2162 sare
167 2085 254 2154 dici;
272 2106 406 2168 nemque
423 2086 497 2147 deus
515 2103 581 2147 eret
622 2087 768 2164 nascens,
788 2093 841 2170 qui
856 2087 939 2148 idem
955 2111 991 2149 ex
1013 2088 1116 2153 nostra

64 2187 248 2246 Caesarum
271 2187 427 2258 'tutelaris;
461 2188 580 2250 babita-
620 2185 741 2249 ratione
752 2187 875 2270 Apollo
894 2189 946 2264 est,
969 2196 1021 2273 qui
1036 2180 1116 2274 bane

61 2288 127 2348 bet
147 2285 306 2369 Augustus
334 2292 368 2347 in
393 2289 512 2352 Palatio
540 2291 577 2351 ab
621 2289 805 2368 praeclaram
833 2297 943 2366 vitem,
982 2291 1042 2353 hoc
1064 2288 1117 2356 ae·-
1221 2289 1227 2299 '

61 2393 137 2472 718
157 2390 249 2451 inde.
279 2391 359 2450 conf.
381 2392 444 2452 Dio
463 2395 579 2467 XLIX,
620 2411 711 2464 vum,
746 2395 845 2456 inibit.
910 2395 1016 2456 Videri
1038 2397 1115 2458 ‘aliis

67 2490 333 2564 i5.1.111,16‚
375 2508 407 2553 et
426 2495 578 2574 Apollinis
619 2490 743 2572 possunt
785 2496 878 2558 verba
926 2520 954 2557 ν.
995 2518 1032 2557 12
1081 2508 1115 2558 et

65 2594 154 2655 filius
204 2591 385 2654 existimatus
428 2596 495 2655 suit.
548 2619 577 2658 v.
619 2599 733 2673 magni
754 2600 914 2679 incipient
931 2597 1115 2679 procedere

64 2701 209 2758 Sueten.
227 2696 336 2757 Octau.
353 2706 483 2777 cap.94·
517 2700 578 2758 Oc·
618 2699 756 2773 menses,
802 2721 882 2784 quae
917 2701 956 2758 ud
989 2710 1113 2762 nonani

66 2804 169 2860 currit
193 2818 320 2880 quoque
340 2800 453 2879 Apollo
477 2816 508 2860 et
523 2803 577 2862 Sol
614 2804 807 2879 progeniem
829 2802 981 2883 spectant,
1008 2802 1111 2882 postu-⁴

66 2907 104 2961 in
126 2905 248 2960 mimis.
298 2901 415 2959 Verum
438 2923 476 2962 eo
500 2919 576 2963 tem·
616 2901 690 2973 lare,
726 2918 759 2960 vt
788 2919 819 2962 et
846 2905 896 2961 illa
924 2901 1022 2959 decus
1048 2905 1113 2963 hoe

67 3025 165 3085 pore,
187 3021 253 3083 quo
269 2999 472 3086 baecEcloga
488 3004 577 3087 scrip·
619 3006 697 3060 aerii
728 3007 814 3062 inire
847 3017 982 3084 putetur.
1050 3006 1112 3064 Sed

70 3103 177 3175 taest,
206 3103 342 3164 honores
358 3105 400 3163 illi
421 3111 454 3166 in
471 3108 577 3166 Caesa·
618 3103 748 3185 preesset
769 3106 925 3188 vulgatum
947 3097 1111 3187 retinere.)

68 3230 137 3268 rem
154 3205 303 3266 nondum
317 3222 404 3267 erant
421 3211 574 3269 cumulati.
623 3229 669 3266 12.
692 3211 804 3286 magni
819 3206 950 3283 menses,
972 3205 1109 3283 illustres,

116 3331 169 3370 11.
193 3297 575 3391 deenslaoouenijprae·
617 3309 765 3393 insignes,
804 3308 1034 3383 memorabiles,
1079 3327 1112 3373 vt

72 3414 156 3473 clare
192 3410 272 3470 baec
314 3427 407 3474 aetas.
449 3411 575 3473 inibit:
615 3436 645 3473 v.
668 3417 704 3487 5,
754 3428 860 3494 vtpote
883 3411 991 3471 saeculi
1013 3417 1108 3474 aurei.

73 3511 289 3597 simplicissima
324 3511 367 3573 est
400 3520 496 3590 ratio,
542 3531 575 3575 vt
615 3517 767 3576 Nimirum
781 3536 1039 3593 magnrtsannns
1053 3514 1107 3591 est,

74 3618 175 3677 inibit
191 3615 228 3676 fit
244 3637 313 3695 pro,
337 3617 454 3676 cursum
472 3617 573 3691 inibit,
615 3623 719 3702 vtique
743 3617 815 3679 ltine
836 3633 867 3678 et
889 3622 1002 3695 magni
1020 3640 1109 3678 men·

10 3780 12 3789 ,
78 3725 221 3801 insipien
250 3739 381 3800 eamque
398 3721 520 3780 Seruius
543 3734 575 3779 et
604 3720 670 3797 fis.
716 3723 802 3802 Quis,
827 3718 882 3779 nist
897 3722 979 3800 apud
995 3702 1114 3809 iuliani

80 3825 171 3904 vulgo
192 3828 377 3902 interpretes
397 3823 571 3904 sequuntur.
615 3823 762 3882 Sabinum
792 3844 809 3882 e
835 3823 976 3903 pleniore
998 3824 1108 3883 Seruio

83 3925 168 3981 inire
194 3924 321 4006 quidem
358 3923 493 3986 absolute
530 3928 573 3984 ite
614 3926 777 4006 legeretur,
800 3923 947 3997 crederet,
973 3928 1036 3984 iam
1053 3923 1107 3984 ltf-

85 4022 209 4103 politum
224 4047 290 4087 uon
306 4048 477 4100 occurrere,
490 4026 572 4087 bene
614 4028 737 4086 conium
761 4029 931 4087 Pedianum
959 4025 1039 4086 libro
1063 4010 1110 4109 sef⁴

88 4144 188 4186 monet
207 4129 417 4201 Burmannus3
451 4134 573 4210 portici·
615 4130 716 4190 eundo
747 4130 785 4190 de
813 4146 956 4211 praetura
990 4126 1112 4186 vrbann

92 4232 170 4304 pium
193 4245 295 4294 tamen
316 4252 481 4315 nunquam
506 4251 573 4294 non
613 4247 724 4314 putare
758 4215 912 4314 potuisse,
944 4221 1111 4308 Virgilium*

130 4329 255 4392 Toni
665 4337 701 4393 M
