2692 4914
252 297 329 383 246
569 293 869 374 Excvnsvs
898 297 957 372 IV

253 484 309 552 scis
330 483 698 563 monumentisreputet,
719 484 754 542 in
771 481 881 565 quibus
901 501 938 542 ea
955 481 990 540 in
1010 478 1190 562 delphinum
1212 502 1284 543 cau·
1329 538 1331 543 .

253 593 309 655 das
329 586 456 663 definit,
499 587 625 650 cunibus
650 609 688 649 ex
709 603 797 650 vtero
818 587 919 649 subtus
938 587 1172 670 prodeuntibus.
1221 588 1284 647 Ita-

250 720 316 786 que
344 699 465 758 tertiam
490 693 623 777 aliquam
643 698 796 755 rstionem
818 690 966 777 ingressus
987 693 1051 755 sum
1073 699 1108 756 in
1127 696 1218 755 Notis
1242 695 1283 756 ad

129 853 136 877 .
251 826 281 868 ο.
296 805 335 879 1.,
359 817 393 863 vt
410 798 462 862 sit:
492 799 658 881 commissa
677 797 803 859 caradas
825 799 1033 883 delphinum,
1072 799 1189 863 habeus
1209 820 1284 860 cau·

251 912 307 975 das
328 906 508 990 delphinum
528 903 696 968 commissas
702 919 714 980 ‘,
746 910 941 982 coniunctas,
977 930 1046 970 cum
1066 922 1160 967 utero
1187 906 1282 988 lispo-

250 1037 343 1089 rum,
370 1015 515 1095 luporum
536 1016 627 1073 vteris
647 1010 668 1074 s.
692 1013 889 1095 corporibus,
923 1035 1002 1099 quae
1016 1020 1098 1075 inter
1111 1013 1199 1074 binas
1215 1014 1281 1073 del·

249 1122 381 1208 phinum
396 1119 507 1180 caudas
527 1139 565 1180 ex
587 1119 657 1181 aluo
675 1123 862 1200 prominent.
904 1121 1000 1182 Recte
1015 1118 1092 1181 haec
1108 1119 1137 1181 se
1151 1118 1278 1191 habent,

248 1229 345 1293 modo
360 1223 550 1306 expluribus
565 1225 684 1310 Scyllae
704 1225 811 1288 formis
829 1246 897 1289 eam
917 1242 1040 1302 teneas,
1062 1247 1142 1311 quae
1157 1226 1279 1308 Virgilii

249 1341 354 1399 animo
376 1330 536 1392 insederat.
612 1365 614 1369 ν
783 1327 786 1332 ’

332 1512 371 1574 In
390 1513 536 1593 antiquio
560 1505 671 1570 scilicet
702 1512 774 1572 artis
802 1511 948 1592 operibus
975 1531 1043 1575 non
1068 1531 1130 1574 vna
1157 1512 1277 1596 Scyllae

245 1620 347 1684 sorma
368 1618 518 1686 occurrit;
544 1614 639 1676 modo
661 1635 699 1678 ea
720 1620 754 1676 in
773 1615 954 1698 delphinum
974 1618 1063 1680 binas
1087 1619 1197 1680 enudus
1222 1620 1278 1679 de·

243 1722 333 1796 finit:
351 1721 429 1786 nihil
449 1720 596 1803 amplius3
626 1721 723 1784 modo
737 1727 919 1786 intertextas
935 1742 989 1785 aut
1001 1730 1193 1788 intermixtae
1209 1724 1278 1786 sunt

244 1852 359 1895 canum
377 1844 558 1913 protomae:
592 1843 625 1891 et
644 1826 723 1890 hoec
737 1831 861 1913 quidem
874 1827 918 1892 est
935 1830 1079 1893 sollennia
1098 1833 1216 1904 sonna,
1243 1849 1279 1894 vt

242 1943 280 2002 in
302 1958 374 2001 aere
392 1941 526 1998 maximo
543 1935 696 1996 Gordiani
723 1935 820 2011 (Mus.
835 1935 914 1997 Flor.
930 1936 992 1998 tab.
1006 1941 1065 2020 73)
1092 1955 1125 2001 et
1144 1941 1277 2021 Pupieni

244 2046 339 2124 (Max.
356 2044 441 2106 mod.
452 2039 599 2104 Numism.
618 2041 656 2103 Ii.
670 2040 749 2101 Gall.
766 2039 826 2104 tab.
843 2046 895 2123 25)
915 2059 946 2105 et
959 2042 1047 2105 simili
1061 2046 1157 2108 modo
1174 2048 1277 2130 Scylla

240 2171 330 2213 rento
354 2148 471 2210 sublato
499 2152 593 2209 ictum
621 2150 776 2207 intentans
805 2151 839 2209 in
868 2149 994 2212 denario
1017 2152 1098 2214 Sext.
1121 2154 1275 2234 Pompeii,

118 2334 122 2343 ·
240 2276 271 2318 v.
290 2277 317 2318 c.
331 2252 421 2316 Thes.
437 2254 560 2316 Motell.
573 2253 713 2333 Pompei.
729 2267 751 2312 t.
766 2251 806 2326 11,
825 2275 850 2315 r.
878 2255 915 2316 cs.
931 2255 1046 2338 Spauh.
1069 2259 1107 2319 de
1129 2260 1168 2322 V.
1190 2277 1222 2320 et
1239 2263 1275 2322 P.

236 2363 281 2451 N.
295 2361 334 2421 Τ.
348 2359 373 2430 Ι,
385 2381 456 2444 pag.
474 2362 553 2431 2623
579 2373 611 2420 et
631 2358 780 2419 adiunctis
808 2358 888 2421 binIs
910 2361 1089 2443 corporibus
1111 2370 1274 2441 iuuenum,

239 2459 300 2555 par
323 2485 433 2525 canum
454 2486 549 2527 nexus
571 2464 788 2545 implicitorum
812 2470 846 2526 in
868 2468 943 2528 Pict.
965 2470 1087 2531 Hercul.
1111 2471 1203 2534 Tom.
1217 2474 1274 2548 Ill,

238 2587 263 2635 t.
288 2593 338 2633 21.
375 2584 407 2630 et
428 2589 489 2632 vno
509 2574 575 2632 viro
597 2574 632 2630 in
650 2591 771 2653 gemma
794 2593 843 2653 ep.
867 2574 1004 2656 Lippert.
1019 2577 1045 2650 1,
1066 2600 1092 2651 1,
1113 2600 1182 2658 ¹²7·
1202 2584 1274 2644 128.

238 2694 272 2742 et
286 2698 335 2760 ap.
349 2671 450 2738 Teffia
463 2675 505 2756 pt
523 2676 641 2736 xxx1.
683 2677 723 2736 Et
745 2699 814 2738 eunt
836 2678 898 2754 his,
937 2685 1067 2745 maxime
1091 2705 1160 2744 cum
1188 2686 1276 2747 Sexti

237 2784 382 2866 Pompeii
413 2799 530 2853 numo,
573 2801 752 2864 comparare
779 2786 883 2846 malim
904 2804 1017 2868 poetae
1041 2789 1139 2852 versos
1158 2792 1274 2853 collato

115 2890 119 2901 '
239 2893 317 2954 silio
340 2889 380 2964 V,
409 2889 476 2951 135.
519 2879 571 2945 Est
599 2905 726 2968 quoque
752 2892 786 2950 in
814 2897 915 2954 nuruis
944 2895 1153 2957 Contornistis
1181 2901 1274 2958 nauis

176 3011 179 3015 ’
238 2981 348 3084 ’Ἡγίῐίε
371 2982 554 3056 imminente
577 3006 609 3052 at
628 2990 894 3056 sociorum'vnum
917 3005 1058 3081 rapiente
1078 3001 1194 3086 Scylla:
1231 3002 1272 3064 de

206 3106 209 3112 ’
238 3103 351 3190 quibus
368 3122 397 3162 v.
410 3096 528 3160 Eckltel
540 3096 612 3159 Vol.
624 3095 708 3171 VIII,
717 3120 748 3179 p.
758 3101 828 3164 285.
861 3101 912 3164 Est
926 3119 1028 3168 tamen
1044 3113 1130 3170 tertia
1144 3107 1270 3189 species,

239 3231 303 3294 qua
319 3209 390 3269 aluo
407 3208 569 3267 adiunctae
584 3202 653 3264 sunt
665 3208 806 3287 vtrinque
822 3207 901 3291 duae
920 3197 1031 3273 danunt
1051 3229 1213 3295 protomae
1235 3217 1271 3279 in

238 3332 332 3376 snam
361 3310 515 3394 delphinis
526 3311 671 3371 mudum
695 3326 850 3373 ooeuntes.
907 3318 996 3379 Hanc
1021 3321 1151 3402 speciem
1173 3320 1271 3384 habet

233 3417 387 3482 numisma
408 3418 680 3502 Agrigentinorum
701 3437 719 3477 a
741 3418 883 3502 Principe
896 3424 1099 3488 Torremuzza
1123 3427 1269 3509 (opusc.

236 3523 276 3585 di
290 3525 415 3585 Auton'
430 3525 582 3586 St'ciliam'
607 3523 699 3584 Tom.
716 3525 881 3598 xlv,.mb.
898 3530 966 3604 Vll,
982 3532 1045 3614 IV)
1068 3536 1207 3609 editum,
1237 3552 1270 3599 et

236 3634 272 3692 iu
293 3631 412 3692 Siciliae
431 3646 491 3692 vet.
508 3631 601 3691 Num.
618 3628 680 3690 tub.
694 3630 724 3688 V
738 3638 902 3712 repetitum
909 3680 920 3711 ,
959 3636 1011 3699 vbi
1032 3641 1161 3703 alterum
1182 3645 1269 3704 canis

222 3738 365 3798 -olterutn
388 3736 504 3821 hydrae
522 3734 582 3811 est,
619 3751 651 3796 et
665 3740 727 3795 ium
742 3754 829 3814 ante,
864 3762 973 3824 porum
990 3742 1121 3821 affabre,
1159 3749 1269 3808 adum-

235 3841 358 3903 bratum
379 3843 572 3904 aPoncratIo
587 3843 607 3902 l.
624 3863 650 3903 c.
677 3864 737 3905 nec
758 3847 888 3908 multum
909 3850 1028 3913 abludit
1049 3873 1101 3916 ara
1121 3859 1154 3916 in
1174 3856 1268 3915 Win-

235 3949 351 4011 eltelnt.
367 3951 457 4007 Mon.
473 3947 562 4008 ined.
581 3969 634 4010 no.
651 3952 702 4030 37.
736 3950 870 4017 exstibita
890 3961 924 4018 in
946 3959 1102 4042 superiore
1126 3962 1267 4023 editione

234 4057 386 4117 insronte‘
398 4054 545 4118 Aenslll.
574 4057 645 4117 Vol.
659 4057 705 4130 II‚=
724 4079 763 4141 p.
774 4062 847 4126 323.
892 4065 998 4128 Plures
1011 4069 1128 4153 Scyllae
1148 4069 1267 4153 species

232 4183 295 4230 vno
318 4164 389 4226 loco
409 4160 549 4248 expreffit
569 4163 714 4228 Penerari
734 4167 889 4235 Anticltiti
904 4174 1046 4240 Siciliane
1065 4183 1147 4261 Μ
