2692 4914
613 38 641 75 V

177 268 967 432 ononotoountd1v‚514-520
1046 344 1123 444 759

74 527 290 623 Lustrabat,
332 550 475 633 raptam
496 530 707 624 Eurydicen
733 548 848 630 atque
869 535 978 605 inrita
998 535 1106 608 Ditis·

10 734 17 744 .
73 666 194 740 Dona
216 691 388 768 querens.
440 667 596 766 Spretao
627 667 816 740 Ciconum
847 691 924 765 quo
960 647 1119 744 munere

698 807 846 879 matres,
1039 791 1115 869 520

10 981 26 1026 Ι
138 971 190 1026 520
200 971 318 1040 Spraeae
331 972 468 1027 Ciconum
488 989 544 1042 quo
564 989 677 1026 munere
692 987 802 1024 matrer-
839 972 938 1024 Locum
952 973 1115 1031 honerariis

10 1120 21 1135 „
69 1056 161 1110 modis
175 1072 201 1110 et
214 1058 306 1111 iterata
326 1058 381 1110 vice
396 1073 540 1117 tentatum,
569 1072 609 1118 et,
639 1073 664 1110 vt
680 1056 810 1109 interdum
826 1059 964 1127 putabam,
1005 1059 1114 1116 feliciter

10 1138 20 1167 ¹
68 1142 237 1213 expeditum,
269 1143 372 1215 quoties
393 1145 487 1196 lterum
502 1141 608 1201 accelll,
641 1143 719 1194 totiea
736 1140 799 1195 leoli
820 1144 961 1196 commode
980 1145 1112 1201 enucleari

66 1245 126 1281 non
143 1226 224 1297 polle,
266 1229 294 1280 si
314 1230 389 1281 verba
407 1246 455 1299 pro
478 1227 543 1279 lanis
561 1226 719 1288 habeantur,
753 1246 821 1299 quaa
838 1229 907 1282 inter
928 1224 1023 1283 multaa
1045 1231 1110 1286 aliar

69 1311 141 1366 anibi
162 1311 212 1365 vila
231 1309 268 1365 est
289 1314 401 1365 maxime
419 1311 562 1365 tolerabilis
582 1312 777 1383 interpretatio,
797 1331 854 1366 eam
869 1315 896 1366 in
910 1315 1107 1372 Notialubieci.

64 1399 102 1452 At
120 1397 187 1450 beno
202 1396 284 1450 lentio
304 1415 385 1466 quarn
405 1396 499 1448 durum
521 1398 572 1449 hoc
590 1395 635 1449 litt
666 1397 771 1468 spond
790 1397 908 1470 officio,
941 1409 1048 1469 pretate
1069 1401 1109 1479 ⁸¹:

63 1483 161 1543 terius,
183 1502 231 1555 pro
245 1481 365 1545 offendi3
388 1497 413 1535 vt
428 1481 475 1535 llt:
502 1497 608 1553 putare,
625 1481 657 1532 ad
677 1482 712 1536 lui
726 1500 888 1538 contemtum
903 1483 956 1538 hoc
969 1485 1105 1556 pertinere,

64 1567 142 1642 qnod
162 1567 227 1620 alter
244 1568 273 1621 in
292 1566 383 1620 officio
403 1565 448 1618 suo
470 1582 575 1627 manet,
614 1585 700 1638 neque
725 1569 751 1621 le
777 1570 810 1632 ab
832 1589 864 1622 eo
890 1570 984 1623 abduci
1009 1573 1107 1637 patitur

61 1655 119 1708 mal
133 1651 219 1707 catulla
238 1669 264 1706 et
287 1653 429 1706 voluntate.
476 1654 596 1722 Apoattt
621 1668 710 1706 tamen
737 1655 834 1707 versum
861 1670 913 1707 tam
942 1655 1058 1709 scabrum
1078 1672 1106 1712 at

60 1738 220 1794 sententiam
249 1754 303 1792 tam
325 1755 418 1809 parum
445 1737 614 1790 commodam
639 1739 765 1809 prolicil'ci
790 1739 901 1811 potuille
921 1740 992 1792 haud
1013 1741 1103 1797 credo.

58 1825 167 1878 Interea
185 1841 240 1876 non
261 1824 348 1876 minua
370 1822 470 1875 lubrica
499 1822 536 1877 est
563 1823 650 1876 omnia
679 1826 843 1886 coniectura,
886 1825 1104 1898 quandoquidem

56 1907 151 1965 nullm
171 1907 229 1962 latia
248 1908 361 1963 idonaua
376 1907 413 1962 est
429 1907 543 1971 fundus,
575 1908 617 1961 cui
632 1927 688 1960 eam
704 1908 874 1978 luperllruaa;
895 1909 997 1963 nullum
1013 1927 1104 1966 autem

59 1995 171 2067 pondua
190 1993 287 2047 habere
309 1992 395 2065 potest
412 1992 572 2054 emendatio,
595 1993 629 2045 de
644 2013 695 2063 qua
711 1997 878 2064 pronuntiata
905 1993 1017 2068 potullle
1032 1997 1102 2052 lorta

56 2081 97 2136 ita
118 2079 209 2141 scribi:
229 2079 302 2151 polla
323 2095 412 2134 tamen
426 2095 451 2132 et
465 2078 518 2132 alio
536 2078 616 2132 modo
638 2077 761 2150 scriptum
780 2077 838 2132 elle.
873 2081 989 2133 Videndi
1011 2096 1101 2136 tamon

55 2164 101 2219 vel
121 2162 157 2219 fic
177 2163 235 2219 lunt
252 2164 368 2236 potiores
388 2165 502 2217 viromm
522 2165 661 2218 doctorum
676 2179 786 2217 conatus
800 2163 840 2217 seu
856 2166 1042 2238 interpretandi
1056 2166 1101 2222 seu

54 2249 227 2305 amandandi.
248 2251 348 2304 Verum
363 2248 486 2303 audiendi
496 2252 566 2319 priua
581 2248 660 2301 codd.
675 2265 700 2302 et
714 2248 773 2301 edd.
795 2250 909 2321 Vulgata
918 2251 954 2306 est
967 2252 994 2304 in
1006 2251 1099 2324 pleri·-

56 2356 115 2411 qtao
128 2335 199 2389 libri·
213 2352 238 2390 et
252 2337 281 2389 in
294 2337 418 2389 omnibua
431 2335 518 2394 editio.
551 2338 648 2404 Spreta
659 2334 760 2406 aliquot
768 2335 868 2407 antiqui
883 2336 1027 2408 opud‘l'ier.
1036 2357 1098 2395 cum

51 2420 161 2478 Bodlei.
174 2422 341 2477 Burmannus
359 2422 415 2486 ait,
431 2436 457 2476 et
472 2420 558 2475 editoe
571 2418 714 2472 nonnullos
729 2420 829 2495 legium
856 2441 923 2492 quoa
941 2438 1029 2477 tamen
1042 2442 1099 2479 non

49 2506 118 2562 vidi.
153 2507 235 2567 Tum,
257 2525 312 2577 quo
328 2515 442 2561 numme
456 2504 505 2560 lte.
521 2507 618 2559 Moret.
636 2504 794 2559 [caetrati.
809 2506 936 2559 Rotrend‘.
952 2509 1018 2561 Von.
1035 2509 1097 2561 Par·

51 2591 126 2648 abal.
163 2593 220 2645 lam
237 2607 265 2645 vt
284 2590 318 2645 da
336 2593 507 2665 interpretum
527 2589 618 2644 lludiia
638 2608 760 2660 agamur,
800 2592 884 2658 primo
910 2592 971 2645 loco
990 2594 1096 2648 Semina

51 2674 207 2744 adscripsit:
238 2695 315 2746 „quo
330 2663 459 2740 matrem
478 2675 589 2748 nuptiali
603 2673 734 2737 lcilicot,·“
770 2674 844 2728 addit
857 2674 906 2728 Iul.
921 2677 1000 2730 Sala:
1020 2676 1095 2747 quall

51 2781 116 2818 non
130 2759 211 2816 allant
231 2761 326 2833 dlgnaa
339 2762 424 2822 illae,
441 2763 541 2815 nubere
556 2762 676 2832 Orpheo.
725 2760 766 2813 Ita
788 2775 864 2831 putes
885 2759 975 2814 saltem
995 2763 1102 2831 spreto>

53 2865 116 2920 quo
136 2864 251 2899 munere
270 2844 321 2901 effe
339 2846 494 2918 legendnm3
537 2846 620 2918 spreta
639 2846 695 2896 eiua
718 2841 772 2896 fide
789 2859 816 2897 et
836 2844 933 2917 pietate
953 2846 981 2899 in
1001 2847 1093 2899 coniu-

52 2951 133 3008 gem:
164 2932 230 2985 dura
251 2947 339 2986 tamen
362 2931 449 2986 velfic
469 2930 585 3003 expolito
607 2929 690 2982 Seruii
708 2930 789 2991 ratio,
828 2928 945 2985 natalie
966 2930 1092 3003 offensae

43 3019 119 3075 'illae
138 3015 232 3080 allant,
257 3037 313 3071 non
322 3017 504 3089 sproulffene.
547 3013 696 3070 Markland.
717 3014 751 3065 ad
769 3013 835 3068 Stat.
855 3015 920 3070 Silo.
942 3018 987 3077 111,
1010 3017 1034 3077 3,
1057 3017 1091 3083 87

48 3103 175 3176 legebam
211 3123 266 3174 quo
287 3111 416 3164 nomine,
437 3103 465 3155 lt.
482 3082 654 3173 quapropu}‚
674 3099 860 3170 quamobrem
899 3101 971 3173 quod
992 3101 1093 3156 lactum

54 3188 176 3252 nollem
212 3186 249 3245 est
267 3189 337 3242 enim
358 3189 398 3242 vel
416 3187 519 3260 plebeio
540 3203 619 3259 poeta
640 3185 747 3255 indigna
766 3184 859 3237 oratio.
898 3184 977 3256 Asper
996 3187 1093 3241 Gram-

51 3274 186 3336 maticua,
205 3272 278 3345 quod
291 3272 465 3343 Philargyriua
480 3272 607 3331 seruauit,
635 3289 691 3341 quo
707 3288 819 3321 munere
839 3269 930 3326 eodem
947 3270 1029 3329 modo
1049 3290 1094 3330 ex.

53 3358 188 3436 plicabat,
214 3357 413 3438 promebam,-
448 3373 474 3413 et
493 3358 519 3411 b.
542 3357 673 3411 Gesnerua
692 3353 745 3407 hoe
765 3352 835 3407 idem
859 3353 1004 3427 probabam
1041 3353 1093 3410 ell'a

53 3517 152 3579 naim
180 3527 214 3574 et
241 3534 306 3596 per
325 3528 455 3574 montes
479 3515 556 3574 Rhi-
596 3532 638 3574 ne
661 3511 804 3571 adiuuari
821 3531 856 3571 ea
877 3510 970 3571 lectio
989 3505 1092 3592 poffit.

48 3638 178 3704 paeon
213 3637 295 3700 qnae
325 3621 432 3700 vtique
461 3618 554 3677 Maro
596 3616 637 3675 Et
651 3618 733 3675 vocis
752 3612 822 3673 sane
836 3614 982 3674 mummi
1000 3610 1092 3697 figni-

50 3737 90 3787 ,vt
109 3734 204 3801 poeta
225 3720 310 3791 dixit,
337 3738 405 3780 non
425 3739 462 3778 ex
482 3738 557 3801 geo·
596 3715 703 3777 ficatua
729 3717 790 3778 lete
813 3731 909 3796 patet.
966 3715 1092 3777 Semina

54 3818 211 3908 graphicis
227 3824 414 3905 antiquitatis
431 3823 557 3881 rationi-
597 3818 737 3898 nuptiale
775 3814 889 3880 munna
928 3819 1092 3900 intelllgit3

51 3923 125 3986 bur.
191 3925 264 3989 520.
306 3944 371 4008 quo
410 3941 555 3982 micuere.
598 3920 685 4004 qnod
707 3920 818 3980 durum
841 3916 893 3982 eli.
940 3919 1016 3980 Non
1034 3923 1093 4011 ml-
1127 3931 1132 3943 “

52 4027 141 4088 Cum
161 4022 219 4106 ipfi
239 4022 310 4085 libri
334 4047 399 4108 quo
422 4043 559 4084 munere
596 4043 655 4084 nus
679 4021 790 4083 durum
811 4015 873 4092 est,
906 4035 939 4080 vt
962 4039 1118 4090 muana>

56 4141 208 4191 tueantur
239 4124 329 4205 (vide
360 4147 422 4187 var.
456 4126 555 4205 lect),
599 4126 735 4199 donum,
777 4119 813 4184 fit
837 4118 901 4200 ipsa
928 4120 1092 4205 Eurydice,

56 4229 243 4307 videndum,
269 4248 311 4294 an
330 4231 558 4315 interpretatio·
595 4247 682 4315 praa
715 4226 779 4288 lare
813 4243 949 4286 munera
974 4223 1094 4309 spretae
