2700 4906
143 337 215 428 492
353 327 396 398 r.
420 322 666 401 vraouu
699 316 972 392 Marionis

143 474 236 606 Cui,
267 512 373 614 super
394 512 562 610 indignas
583 507 724 580 hiemes
754 501 953 602 solemque
974 518 1169 602 potentem,

146 650 336 728 Siluesrres
357 652 413 763 uri
433 643 583 718 adfidue
611 662 845 742 capreaeque
868 634 1050 738 sequaces

148 787 336 875 Inludunt,
349 780 546 883 pascuntur
559 804 649 852 oues
665 775 877 873 auidaeque
891 777 1093 846 iuuencae.
1110 767 1171 868 375

153 980 249 1019 tenera
268 963 374 1017 Nonius
400 961 427 1013 iu
445 958 556 1032 frana·
594 955 713 1008 Seruium
728 953 818 1025 frum
838 948 928 1023 leqiffe
949 950 1077 1006 credebat
1095 952 1171 1005 nuru.

154 1067 180 1104 et
195 1048 300 1101 Wakef.
322 1046 355 1098 ad
376 1049 476 1099 Lucrer.
495 1046 526 1104 11,
549 1046 608 1112 696.
672 1042 739 1108 ’373
748 1040 900 1108 solemque
920 1055 1065 1110 repentem
1082 1039 1173 1103 Meneg-

154 1134 200 1187 alr.
221 1153 267 1207 pro
289 1132 386 1184 diuerla
409 1129 527 1181 lectione.
550 1127 630 1180 Male.
677 1127 774 1195 Georg.
794 1126 815 1184 l,
835 1141 870 1194 92
900 1124 1041 1195 rapidtue
1059 1131 1174 1194 porentia

146 1221 230 1291 solis.
255 1215 391 1268 Schrader.
408 1211 547 1266 inschedis
563 1213 633 1265 coni.
667 1211 787 1268 Edonas
802 1209 915 1262 hieraes.
988 1211 1042 1279 374
1062 1204 1175 1262 tamid

155 1303 213 1372 vrsr
230 1304 298 1354 coni.
321 1298 415 1353 Corda.
456 1301 494 1350 lo.
515 1298 652 1351 Schrader.
676 1294 821 1367 filurflres
836 1295 930 1348 hirci:
964 1297 1052 1356 rrllL
1068 1295 1175 1362 314ra·

148 1388 269 1458 seuarur
278 1384 387 1455 filaus,
412 1382 444 1436 sc.
462 1383 541 1444 birci.
569 1399 647 1455 vrque
668 1380 737 1452 apud
758 1382 867 1433 Homer.
889 1380 1014 1453 δᾳεσιᾷοι
1043 1377 1129 1448 uiris,
1155 1394 1176 1431 et

157 1470 220 1525 alibi
237 1467 384 1540 fileeestres
410 1487 538 1538 capreae.
581 1468 656 1521 Idem
682 1466 814 1519 tentabat:
861 1484 1043 1535 capreaeque
1056 1465 1175 1537 sagaces.

158 1555 277 1610 Macrob.
292 1552 401 1620 vias.
427 1562 493 1616 „an
505 1552 608 1607 Gallica
622 1572 671 1605 vor
683 1549 735 1610 est,
760 1569 811 1624 qua
827 1549 873 1602 feri
888 1551 973 1604 boues
986 1549 1177 1620 fignificrnnu.“

159 1640 228 1693 adeo
247 1640 387 1713 Virgilium
415 1658 470 1692 non
496 1634 614 1711 respuiffe
634 1638 766 1711 peregrina
792 1654 855 1688 vocs
881 1636 926 1688 vri.
978 1635 1101 1706 adsiduo
1122 1637 1179 1687 Ver.

162 1745 321 1797 caprasque
342 1724 418 1779 multi
437 1742 498 1778 curn
511 1722 608 1779 Medic.
677 1725 727 1790 375
744 1721 869 1774 Illtdunr
887 1721 947 1775 ΑΜ.
963 1741 1005 1791 pr.
1042 1742 1109 1775 anes
1120 1707 1179 1775 Gur.

162 1829 233 1864 cm.
251 1830 291 1883 pr.
339 1810 390 1864 'cui
410 1810 548 1871 illudunt,
588 1827 642 1862 non
667 1807 731 1862 dixit
752 1805 878 1862 tundant
897 1822 922 1858 et
951 1806 1109 1876 pascantur
1127 1822 1182 1878 quse

161 1897 286 1971 pedestris
300 1898 384 1951 oratio
404 1895 480 1958 effer.
511 1914 558 1966 pro
578 1913 639 1949 cum
660 1882 963 1954 e1,vtei,'r'lludaar,
992 1910 1075 1964 quam
1089 1893 1181 1947 rarior

160 2052 307 2136 prudens
322 2051 490 2118 laborum,
523 2049 552 2109 h.
572 2050 657 2109 sron·
698 2051 770 2127 374.
795 2045 1028 2128 Vrosproprie
1049 2049 1141 2109 dictos
1156 2050 1184 2107 ir

165 2153 219 2214 des
248 2157 372 2234 ignarae
404 2169 436 2213 et
463 2155 657 2233 impatientes
699 2150 784 2209 Italia
798 2149 899 2208 nullos
915 2148 977 2209 effe
989 2150 1060 2211 satis
1074 2148 1185 2212 constat.

165 2258 295 2331 injuriae
328 2274 365 2312 ex
394 2252 488 2313 dente
521 2253 656 2333 pecudis.
699 2242 871 2334 Hercyniae
898 2250 994 2313 filuae
1021 2238 1187 2313 solitudines

166 2357 359 2450 3737379·
388 2355 449 2413 Cur·
466 2354 568 2413 frondi
591 2353 659 2412 illu·
699 2354 754 2414 illo
769 2368 911 2432 tempore
930 2374 986 2415 eos
1005 2352 1187 2416 incoluilies

166 2456 260 2527 dunt,
291 2476 422 2538 eamque
449 2454 659 2534 depascuntur.
705 2455 831 2516 Caesare
854 2453 983 2516 constat.
1053 2460 1093 2518 Ar
1116 2461 1186 2517 enirn

64 2567 66 2571 ’
169 2560 290 2639 Super,
322 2558 375 2618 seu
402 2558 471 2638 plus
495 2578 586 2640 quarn
609 2556 662 2617 seu
703 2560 752 2619 vel
774 2581 811 2619 ex
831 2558 885 2619 lib.
901 2558 956 2628 111,
972 2580 1001 2621 v.
1019 2563 1084 2623 532
1104 2561 1187 2619 urani·

167 2677 299 2742 praerer.
344 2660 414 2720 Plus
432 2682 523 2743 quam
541 2663 661 2741 frigoris
703 2660 810 2722 festum
833 2660 886 2732 est,
909 2682 988 2719 uros
1008 2679 1124 2742 poetae
1140 2666 1187 2720 iur-

167 2768 212 2823 vis
235 2781 266 2824 et
285 2763 353 2824 solis
374 2768 530 2846 porentia,
561 2760 591 2820 h.
611 2782 661 2819 ae·
703 2770 828 2845 proprie
847 2766 945 2823 dictos
967 2761 1030 2823 ess'e
1052 2786 1110 2844 pro
1129 2765 1188 2822 feris

167 2861 238 2937 stus,
258 2881 374 2926 nocent
397 2865 507 2924 vitibus
529 2864 662 2923 nouellis
703 2867 820 2939 bubus,
868 2867 975 2947 quales
1001 2865 1092 2928 Italia
1117 2884 1189 2926 nunc

168 2965 265 3027 boues
280 2967 410 3050 agrestes
426 2983 458 3029 et
479 2986 608 3046 capreae
631 2979 663 3024 et
703 2973 831 3028 nornine
860 2969 983 3047 Busalo
1012 2969 1188 3052 frequentur·

169 3085 288 3129 ceterae
311 3073 456 3151 pecudes.
505 3067 663 3145 indignae
703 3068 870 3130 Estautem
891 3069 1035 3128 bubalus
1057 3070 1188 3130 cornibus

168 3171 300 3230 hiemes.
344 3176 489 3255 Quisquis
510 3170 661 3249 indigna,
704 3170 894 3252 compressis,
917 3171 1032 3231 sursum
1046 3174 1190 3254 resupina·

168 3268 200 3328 h.
223 3271 333 3352 quibus
362 3275 471 3354 dignus
493 3275 570 3332 alter
595 3293 661 3332 non
703 3279 751 3346 ris,
780 3275 883 3335 fronte
905 3273 1010 3352 crispa.
1062 3291 1191 3357 capreae

169 3369 227 3442 est,
260 3393 337 3454 quae
358 3378 512 3434 immerito
536 3381 661 3454 patirur,
693 3377 855 3458 sequaces
882 3380 1006 3456 poetica
1039 3379 1190 3462 elegantia,

53 3560 56 3566 Δ
169 3477 361 3555 omninoque
380 3475 472 3546 dura,
496 3475 594 3548 saeua,
616 3482 663 3536 in·
704 3499 784 3560 quae
806 3481 882 3538 vires
902 3478 1103 3554 insectantur,
1131 3499 1191 3562 per·

125 3584 133 3599 '
169 3571 263 3647 iusta,
294 3575 453 3647 iniuriosa,
485 3579 574 3651 facit,
611 3595 664 3639 aut
704 3582 882 3663 sequuntur.
903 3596 935 3640 vr
950 3581 1077 3643 Semius
1091 3583 1189 3651 reddit,

170 3677 242 3735 ralia
272 3676 348 3748 fert,
386 3698 457 3737 euna
478 3696 591 3760 poetae
614 3685 663 3740 in·
704 3684 785 3742 vnde
801 3703 849 3763 ap.
865 3683 972 3742 Horat.
990 3683 1018 3742 11
1035 3680 1192 3762 &1443

170 3777 307 3856 dignum
330 3780 496 3859 appellant.
539 3784 576 3844 cf.
600 3784 663 3847 Ecl.
707 3788 816 3848 Vinea
844 3786 1026 3861 sremmiteit
1066 3800 1193 3871 capreas

170 3881 213 3954 X,
233 3901 271 3941 ro
305 3880 441 3960 indigno
456 3904 531 3944 cum
548 3886 665 3947 Gallus
706 3911 773 3949 non
792 3889 927 3966 semper
951 3887 1074 3949 edules.
1124 3889 1191 3950 Mor

170 4005 285 4044 amore
297 3987 431 4068 periret.
476 3987 582 4072 Iraque
599 3991 666 4048 lu'e-
708 3993 815 4053 eadem
845 3992 909 4051 fere
941 3996 970 4050 vi
1001 3989 1126 4050 auidae
1152 3993 1193 4048 ἐν·

173 4109 241 4148 mes
261 4088 419 4167 indignae
448 4086 477 4146 h.
501 4092 520 4154 l.
541 4108 665 4155 recrea
707 4116 842 4155 aeneae.
875 4089 1194 4170 375.11lad1memu-

175 4194 284 4254 Seruio
312 4192 502 4275 explicantur
527 4195 665 4273 saeuae.
709 4214 743 4261 ro
771 4195 987 4282 significantius
1014 4217 1110 4281 quarn
1139 4196 1195 4255 lre·
