2692 4914
280 293 623 390 Gnonotcott
655 306 754 387 tta.
778 319 806 405 1,
829 314 1037 400 tto-150
1103 316 1179 415 509

158 488 257 556 Tum
279 490 402 558 variae
422 508 557 557 venere
576 502 688 558 artes:
714 482 821 556 labor
841 487 965 558 oinnia
985 489 1072 560 vicit
1114 484 1181 571 145

155 615 340 716 Inprobus
362 636 400 691 et
423 617 522 689 duris
542 642 698 716 urguens
721 623 760 690 in
782 617 891 691 rebus
913 615 1059 716 egestas.

157 754 280 822 Prima
304 753 416 826 Ceres
440 749 548 827 ferro
562 751 727 824 mortalis
746 769 889 826 vertere
911 768 1048 825 terram

153 882 328 955 Instituit:
363 910 479 991 quum
499 888 573 955 iam
598 883 748 982 glandes
771 904 884 984 atque
905 885 1034 959 arbuta
1061 883 1181 963 sacrae

153 1015 370 1091 Deficerent
389 1016 516 1106 filuae,
551 1033 589 1088 et
608 1020 747 1089 victu'm
765 1018 932 1091 Dodona
953 1037 1116 1116 negaret.

153 1153 247 1222 Mox
276 1168 315 1223 et
338 1149 531 1224 frumentis
563 1148 671 1223 labor
698 1151 862 1224 additus:
903 1167 942 1256 vt
970 1148 1068 1223 mala
1102 1151 1180 1226 cul·

796 1308 879 1357 moa
1107 1286 1177 1360 150
1270 1284 1272 1290 ’

152 1443 240 1498 trahit.
273 1443 339 1496 Iam
356 1451 476 1514 primum
494 1443 535 1501 ed.
553 1436 636 1498 Ven.¹
656 1441 796 1497 Enimuero
813 1446 889 1498 Nam
902 1451 988 1516 primi
1005 1441 1105 1498 editum
1122 1446 1176 1498 iem

154 1527 218 1582 iude
241 1526 273 1580 ab
295 1527 373 1581 Aldd.
414 1527 570 1600 findebant
594 1527 717 1583 Cantabt.
750 1526 839 1601 fifftle
866 1531 950 1583 robur
972 1528 1088 1582 Leidens.
1111 1547 1176 1583 vnut
1261 1583 1263 1586 Α

155 1632 171 1665 a
190 1632 225 1665 nt.
242 1613 290 1666 sec.
364 1614 412 1680 145
439 1628 512 1666 rates
536 1633 584 1686 pro
607 1628 680 1666 artes
695 1613 762 1665 Ven.
804 1622 876 1668 vtctt
893 1629 961 1668 tecte
978 1613 1066 1666 Heius.
1088 1632 1103 1667 e
1122 1632 1177 1671 mo-

152 1698 260 1752 lionbut
281 1716 338 1751 uon
356 1698 454 1770 primus
475 1697 548 1752 dedit
566 1697 609 1750 sed
628 1698 763 1751 reuocauit
788 1696 846 1769 post
868 1689 928 1752 ald.
955 1713 1013 1752 tett.
1039 1698 1173 1770 Naugerii.

151 1783 239 1854 Vulgo
259 1790 358 1836 vincit.
390 1799 527 1835 narrantur
544 1782 627 1845 factu
654 1802 709 1835 non
728 1781 880 1837 sententiose
899 1782 977 1836 dicta.
1048 1785 1096 1850 146
1108 1783 1176 1852 sutt-

149 1889 219 1941 gens
236 1868 334 1922 Medic.
354 1884 369 1919 a
387 1886 423 1920 m.
443 1885 481 1939 pt.
552 1872 599 1936 148
617 1868 708 1939 sacra
726 1867 767 1921 ed.
790 1867 890 1921 Genea.
912 1884 972 1920 cum
991 1865 1082 1920 Seruio
1101 1868 1172 1922 Dan.

152 1965 201 2025 149
216 1951 376 2024 Defecerant
389 1951 510 2006 nonnulli
523 1953 593 2026 apud
606 1953 728 2006 Pierium.
752 1968 887 2025 negarent
899 1952 978 2006 Rom.
1049 1954 1096 2008 150
1106 1952 1175 2025 fru-
1248 1958 1252 1967 '

148 2048 236 2092 menti
255 2037 327 2091 Gud.
352 2052 379 2090 et
397 2036 480 2090 Goth.
507 2036 555 2090 sec.
580 2057 646 2091 em.
666 2058 705 2113 pr.
743 2058 779 2091 ex
796 2037 952 2107 frumentis
975 2036 1047 2090 coni.
1070 2039 1172 2101 Baton..

148 2124 193 2178 sed
217 2124 307 2177 haeret
331 2123 360 2175 iu
384 2123 473 2176 labor.
502 2123 553 2180 vid.
577 2124 644 2179 Not.
671 2139 698 2177 et
720 2143 756 2177 m.
786 2124 891 2177 culmus
908 2121 978 2177 Gud.
1004 2136 1030 2176 at
1046 2139 1063 2175 ι
1077 2141 1114 2177 m.
1132 2143 1171 2195 pt·

144 2207 262 2264 Parthas.

153 2345 222 2421 145.
257 2361 393 2417 venere,
446 2363 639 2423 prouenere,
680 2363 739 2405 nus
756 2346 910 2426 poeticam
928 2338 1113 2427 efficerent);
1139 2359 1173 2407 et

148 2451 296 2504 inuentae
324 2443 400 2507 sunt.
458 2445 556 2525 labor
580 2449 640 2504 int-
682 2467 750 2506 cum
771 2465 923 2528 quercus,
946 2451 1028 2506 cuius
1052 2451 1172 2529 generis

145 2546 280 2629 probus,
302 2550 462 2626 peruicax,
484 2551 538 2629 qui
555 2546 640 2606 nulla
680 2545 879 2609 nobiliffimee
901 2549 984 2628 apud
1005 2547 1173 2608 Dodonam

150 2668 297 2709 aerumna
317 2651 496 2711 vinceretur.
525 2669 553 2708 v.
574 2648 638 2730 sup.
682 2647 790 2723 siluae,
835 2668 901 2708 non
940 2648 1068 2729 amplius
1102 2648 1171 2709 satio

149 2751 231 2811 adv.
252 2770 320 2830 1¹9·
667 2770 825 2832 magnam
861 2748 1018 2830 glandium
1050 2755 1172 2832 copiam

194 2861 263 2930 147.
285 2852 418 2911 quenta
436 2856 530 2912 aratio
548 2854 641 2914 Cere·
681 2852 919 2933 suppeditarent.

146 2957 188 3014 ris
204 2952 367 3029 beneficio,
392 2975 461 3013 cum
483 2956 521 3014 ad
541 2954 641 3014 homI·
727 2973 795 3035 15⁰·
817 2952 910 3012 Redit
925 2950 964 3010 ad
980 2948 1171 3032 propositum

148 3076 204 3115 net
225 3060 259 3116 in
278 3074 381 3117 coetus
408 3070 528 3116 coactos
556 3056 640 3138 glan·
680 3076 708 3114 v.
735 3076 802 3115 121.
844 3055 920 3114 Mox
943 3057 1035 3113 etiam
1057 3073 1169 3127 noxae,

149 3158 234 3216 dium
255 3161 349 3217 victus
372 3155 454 3216 haud
479 3154 637 3216 sufficeret.
680 3157 759 3215 mala
783 3171 814 3215 et
835 3154 946 3215 damna
973 3151 1108 3234 (labor,
1136 3169 1171 3215 vt

148 3261 229 3318 Cum
251 3259 366 3318 cultura
387 3258 507 3319 labores
533 3275 564 3318 et
589 3279 639 3318 ae·
681 3253 768 3327 πόνος
783 3277 841 3339 pro
855 3255 950 3339 πῆμα,
978 3250 1098 3338 βλάβη)
1122 3261 1171 3318 iu-

147 3382 277 3422 rumnae
298 3375 390 3421 natae
410 3361 486 3420 sunt.
527 3362 638 3440 ferro,
680 3359 781 3419 vasere
801 3360 970 3432 humente,
993 3355 1024 3417 h.
1045 3359 1168 3433 factum,

146 3485 274 3526 vomere
286 3483 322 3522 ac
333 3463 446 3545 ligone.
480 3464 547 3540 148.
558 3463 638 3520 Cum
679 3476 712 3521 vt
745 3460 859 3543 segetes
887 3463 975 3519 variis
1010 3461 1096 3520 malit
1133 3482 1170 3522 ao

146 3568 216 3625 iam
237 3564 364 3641 filuae,
411 3584 490 3646 quae
514 3568 637 3644 poetico
677 3561 1169 3631 morbislaborarent3inuafiteaa

147 3667 214 3726 dtis
230 3665 354 3743 sacrae
383 3667 539 3736 dicuntur,
582 3663 651 3721 de->
679 3663 792 3740 robigo
811 3663 911 3731 mala,
933 3663 1064 3736 exitiosa,
1087 3686 1167 3749 quae
1242 3716 1243 3719 ,

138 3771 282 3850 ficarent
311 3767 414 3850 quoad
439 3764 578 3846 glandes
605 3778 637 3823 et
679 3765 793 3825 culmos
837 3765 953 3839 exedit,
1005 3765 1166 3836 carduus,

146 3870 269 3930 arbuta
300 3867 420 3946 (dehis
449 3890 478 3931 v.
508 3868 546 3926 ad
571 3866 634 3925 Ecl.
678 3869 731 3948 qui
747 3881 778 3925 et
794 3866 854 3927 late
869 3866 988 3947 serpere
1008 3883 1039 3927 et
1063 3866 1168 3931 semen

145 3973 200 4046 111,
216 3975 266 4037 82.
310 3968 436 4038 Possunt
448 3970 540 4030 verba
554 3972 635 4029 varie
678 3967 900 4049 quaquauersus
916 3968 1106 4030 disseminare
1120 3969 1168 4030 so·

145 4080 248 4159 iungi:
291 4072 344 4134 sed
363 4071 501 4152 glandes
516 4070 634 4146 fileae,
677 4069 737 4138 let;
778 4091 815 4130 ex
848 4092 910 4132 vno
939 4075 1021 4131 enim
1048 4068 1166 4130 seminis

145 4176 198 4238 seu
215 4175 368 4250 siluarurn
391 4178 562 4237 orationem
579 4177 637 4232 mi·
679 4192 774 4255 grano
789 4176 895 4256 viginti
911 4186 1041 4255 quatuor
1060 4171 1166 4244 millia,

710 4472 721 4505 Χ
