2692 4914
149 341 250 415 180'
349 335 390 406 Ρ.
412 334 661 410 vruoruu
690 308 953 410 uroours

44 501 50 511 ι
144 527 322 623 Coniugis
345 519 499 619 indigno
519 520 625 596 Nisae
654 523 831 624 deceptus
858 544 987 596 amore

83 684 92 697 ·
143 665 248 736 Dum
262 680 410 758 queror,
427 675 465 731 et
478 655 597 747 diuos,
617 682 846 760 quamquam
859 657 913 729 nil
931 655 1081 729 testibus
1100 650 1173 726 illis

144 792 304 882 Proseci,
316 809 479 864 extrema
494 797 656 864 moriens
666 810 792 865 tamen
805 792 992 891 adloquor
1000 790 1106 863 hora.
1124 809 1175 861 20

146 934 274 1028 Incipe
299 925 505 999 Maenalios
526 949 691 1014 mecum,
725 951 810 1000 mea
830 926 937 1016 tibia,
969 920 1101 995 versus.

143 1049 339 1138 Maenalus
361 1077 606 1158 argutumque
633 1083 764 1131 nemus
785 1063 970 1159 pinosque
988 1055 1183 1154 loquentis

147 1200 302 1294 Semper
315 1192 448 1281 habet3
469 1190 611 1291 semper
623 1191 810 1293 pastorum
826 1193 888 1266 ille
903 1191 1006 1263 audit
1021 1216 1182 1282 umores,

147 1336 344 1430 Panaque,
375 1330 440 1425 qui
458 1332 599 1425 primus
620 1320 782 1401 calamos
804 1353 882 1399 non
901 1322 1020 1426 passus
1040 1330 1181 1398 inertis.

189 1598 194 1605 ι
219 1548 251 1603 ¹9
270 1546 372 1602 queror
385 1526 425 1579 ad
439 1526 523 1581 druos
536 1527 633 1581 Moreti
648 1543 770 1600 quartus,
797 1526 840 1580 sed
854 1524 1182 1596 siccopuladesideratur.

142 1618 183 1675 ἰο
202 1632 354 1670 extremam
376 1611 448 1666 Gud.
498 1612 642 1682 adloquor
660 1615 733 1665 Leid.
753 1632 792 1685 pr.
812 1612 921 1665 Mentes-
943 1631 983 1683 pr.
1006 1627 1032 1663 et
1051 1610 1152 1663 Medic.
1168 1629 1186 1663 ι

149 1725 190 1778 pr.
212 1722 247 1754 m.
290 1698 450 1769 Vff.19.2o
482 1698 574 1751 iterum
596 1699 716 1770 leguntur
737 1699 764 1749 in
783 1697 911 1762 Ciri405.
929 1699 988 1763 406.
1068 1713 1099 1748 αι
1121 1715 1186 1749 mea

143 1788 247 1862 fistula
265 1782 374 1838 Mentel.
395 1802 434 1853 pr.
462 1782 533 1855 qood
556 1787 637 1854 magis
655 1782 817 1855 pastoritium
840 1779 909 1834 esset.
991 1798 1025 1832 22
1043 1789 1186 1852 pinusque

151 1890 203 1929 tres
222 1890 263 1943 ep.
284 1867 373 1922 Heius.
416 1869 550 1939 lucosque
570 1867 672 1920 Zulich.
712 1877 850 1939 pr'noeque
869 1867 1011 1936 sonantes
1031 1865 1132 1919 Medic.
1153 1885 1187 1920 ex

152 1957 208 2012 Ecl.
218 1957 251 2016 X,
262 1956 304 2014 28,
325 1953 359 2005 vti
372 1951 461 2003 Burro.
478 1951 632 2022 suspicatum
651 1952 760 2006 illustrat
773 1955 921 2021 loquentes
933 1950 1023 2004 Heius.
1081 1963 1116 2019 24
1126 1962 1186 2023 pn·-

150 2061 226 2097 mum
243 2037 341 2093 Medic.
362 2034 413 2088 vid.
426 2036 482 2089 Eos.
499 2040 532 2099 11,
549 2041 591 2094 32.
627 2058 685 2092 non
698 2059 727 2112 p.
747 2036 872 2111 agrqfies
883 2039 990 2109 Menag.
1008 2055 1048 2109 pr.

17 2202 21 2212 ’
61 2247 64 2253 ·
150 2211 251 2279 Idae,
296 2207 514 2291 Drroebatque
551 2210 644 2286 diem.
686 2214 892 2271 imitationem
918 2207 1186 2288 Theocr.1,64.

154 2315 246 2375 Seru.
272 2308 421 2393 Vigilarat
433 2332 508 2371 vero
523 2328 649 2373 noctem
689 2310 729 2387 11,
749 2335 785 2394 17
800 2326 858 2374 etc.
882 2301 996 2371 factus}
1023 2315 1057 2369 iu
1079 2331 1120 2370 eo
1141 2314 1192 2370 in·

45 2425 64 2475 s
152 2403 243 2476 miser
257 2425 383 2472 amator.
419 2409 507 2470 diem
525 2415 647 2473 almum
690 2415 888 2496 terponendo
903 2411 969 2474 uon
984 2427 1104 2471 certum
1120 2433 1192 2473 ver·

151 2530 186 2578 vt
195 2514 357 2577 lrrxstalma
370 2514 446 2573 Aen.
456 2510 481 2588 I,
491 2516 554 2578 306
570 2537 648 2599 quae
690 2516 774 2576 suum
796 2536 958 2576 numerum
974 2513 1072 2573 seruat
1085 2515 1190 2574 Maro.

153 2629 291 2678 recreat:
312 2615 365 2676 vbi
377 2637 404 2675 v.
439 2618 485 2680 18.
496 2617 649 2697 Coniugis
689 2616 877 2677 Maenalios
897 2615 993 2674 intell.
1009 2614 1190 2686 Arcadicos,

153 2716 250 2798 simpl.
274 2719 398 2779 amicae.
431 2719 469 2777 cs.
497 2720 567 2778 infr.
598 2724 648 2782 66.
690 2717 872 2801 pastoritios,
893 2718 997 2801 quales
1021 2735 1038 2774 a
1058 2715 1193 2796 pastori-

88 2867 91 2874 .
152 2820 218 2880 Ecl.
241 2819 295 2891 Vs,
313 2823 364 2882 52.
399 2820 648 2894 Aen.1v,536.
691 2820 748 2881 bus
770 2827 838 2882 cani
860 2819 938 2880 soliti
957 2823 990 2879 in
1011 2823 1193 2881 monteAr·

153 2920 291 3000 indigno
315 2941 440 2990 amore,
472 2920 501 2982 h.
518 2922 648 3003 persid0,
692 2923 816 2997 codiee,
835 2922 1000 2998 Maenalo;
1027 2923 1110 2982 vnde
1124 2923 1191 3007 sqq.

155 3044 219 3107 quo
249 3027 312 3083 eius
347 3022 422 3083 fides
456 3023 550 3106 digna
583 3046 650 3086 non
691 3025 790 3087 versus
807 3032 944 3101 22—24
957 3022 1094 3099 subiicit,
1115 3047 1192 3085 nem

155 3140 237 3194 eret;
272 3124 414 3207 adeoque
440 3146 499 3205 pro
526 3116 649 3206 psrellae
691 3132 725 3188 in
765 3126 912 3187 Maenelo
957 3130 1039 3186 inter
1079 3132 1193 3208 pineta

154 3224 291 3305 persidia.
350 3245 396 3305 ¹9·
422 3225 554 3301 testibus
574 3229 651 3298 illis,
690 3228 845 3311 passorum
875 3231 1009 3288 cannino
1034 3226 1193 3312 ipsiusque

154 3324 194 3385 ab
212 3330 324 3398 amica,
343 3325 425 3398 Nisa,
447 3326 537 3408 saepe
553 3336 650 3390 amori
690 3331 781 3392 Panis
799 3329 913 3390 affiduo
937 3329 1114 3391 audiuntur.

154 3421 294 3486 testando
314 3440 366 3484 aut
381 3430 579 3491 iureiurando
596 3450 650 3493 vo·
746 3454 795 3492 22.
828 3436 990 3514 pinosque
1012 3432 1194 3514 loquentis,

156 3529 237 3585 catis.
298 3547 347 3587 20.
377 3525 541 3610 adloquor
564 3534 650 3593 incu-
690 3535 774 3594 idem
811 3536 895 3618 quod
928 3546 1089 3611 argutae,
1137 3553 1194 3597 aut

153 3624 238 3685 sandi
266 3646 319 3685 eos
349 3624 464 3688 cauffo:
509 3623 561 3715 ἤδη
591 3630 648 3718 vaip
690 3653 786 3698 vento
810 3638 957 3708 sonorae,
993 3634 1052 3693 vid.
1084 3637 1192 3697 Heius.

152 3721 280 3808 φρέσδει
311 3721 416 3802 πάνθ’,
461 3719 544 3796 isseov
571 3726 648 3814 spur
691 3740 731 3798 ed
747 3737 777 3797 h.
794 3738 814 3797 l.
830 3740 867 3797 cs.
884 3737 948 3798 Ecl.
975 3735 1045 3808 vn,
1071 3759 1098 3797 1.
1124 3752 1192 3812 eut,

153 3821 301 3889 δεδύκεινε
325 3828 477 3891 'Theocn
507 3835 540 3908 1,
577 3855 646 3910 102,
690 3841 776 3922 quod
819 3863 888 3902 cum
927 3841 1036 3899 Seruio
1078 3839 1193 3900 melius

152 3947 232 4006 quae
256 3927 327 3990 hinc
348 3930 484 3993 illustres.
526 3957 647 4018 queror
688 3940 816 4018 s'tatuas,
859 3942 1038 4004 resonantes
1077 3958 1192 4014 centu,

152 4026 230 4085 deos
260 4043 293 4085 ec
325 4034 479 4116 alloquor
513 4041 646 4121 iungunt
687 4057 817 4126 propter
838 4045 900 4128 sqq.
926 4046 1064 4127 semper
1080 4044 1194 4127 pasto-

151 4127 210 4188 flffi·
687 4161 761 4204 rum
802 4147 859 4207 ille
902 4145 1000 4207 audit
1044 4167 1191 4208 amores.

192 4245 241 4283 21.
263 4228 374 4294 Versus
396 4239 584 4304 intercalaris
604 4245 645 4306 od
689 4255 739 4327 24.
759 4269 827 4310 non
839 4251 951 4336 paffus
973 4251 1101 4311 inertes
1118 4249 1190 4326 esse,
