2700 4906
260 302 504 393 PRIORIS
537 315 841 397 ED'ITIONIS
1018 348 1100 398 ιιι

48 519 141 598 dicta
162 523 210 595 in
230 520 341 598 alios
369 520 485 596 laude
509 517 572 596 seu
593 525 726 597 merita
748 520 810 598 seu
831 528 1022 603 immerita
1038 553 1098 603 or-

50 676 152 731 mtos
172 655 367 747 iaciendi,
407 672 491 747 aut,
523 672 564 728 vt
584 653 752 749 habeas,
782 682 859 760 quo
881 684 946 734 eos
969 663 1098 762 explo-

54 791 130 883 das,
156 789 282 864 abiis
307 789 408 865 dicta
423 787 661 898 impudenter
681 790 943 865 calumniandi.
995 787 1117 869 Con-¹

54 945 104 999 tra
124 943 284 1026 gratum
303 923 396 1014 mihi
419 940 458 997 et
481 922 688 998 iucundum
708 928 947 1027 ingenueque
966 926 1096 1004 indole

57 1059 211 1161 dignum
233 1055 350 1132 visum
369 1054 438 1148 est,
465 1055 631 1157 profiteri
644 1083 713 1160 per
733 1083 828 1159 quos
845 1050 1095 1159 profeciffem3

57 1222 195 1298 meque
216 1191 378 1267 meliora
394 1189 545 1267 edoceri
566 1218 589 1265 a
608 1191 824 1269 melioribus
844 1213 959 1295 atque
982 1200 1095 1272 etiam

58 1329 193 1422 ΑΜΒ,
228 1332 357 1401 animo
379 1353 502 1427 aequo
522 1326 621 1419 fero,
661 1346 701 1403 et
721 1349 810 1403 vero
831 1333 942 1403 etiam
960 1328 1092 1408 laetor.
1124 1405 1126 1408 Α

58 1461 395 1562 Quemadmodum
418 1480 560 1552 tamen,
591 1465 714 1536 minus
732 1482 835 1539 recto
852 1462 995 1566 aliquid
1015 1466 1093 1544 dio-

57 1616 136 1673 tum
157 1595 248 1688 elle,
273 1596 384 1672 facile
402 1595 589 1671 interdum
611 1592 662 1671 est
681 1595 975 1676 animaduertere
982 1631 993 1693 ;
1018 1627 1093 1704 qua
1157 1664 1160 1671 .

58 1750 184 1807 tanen
215 1736 259 1804 in
285 1756 327 1806 re
354 1733 487 1804 erroris
515 1747 751 1804 momentum
781 1730 913 1825 lateat,
956 1733 1092 1831 dicere,

57 1885 95 1943 et
120 1866 282 1943 nebulas
308 1868 441 1940 erroris
473 1862 638 1938 obiectas
678 1861 755 1938 fine
786 1865 899 1966 longa
931 1866 1095 1970 disputa-

56 2006 178 2092 tione,
213 1997 432 2100 dispellere,
457 1994 608 2072 difficile
626 1994 694 2072 esti
729 2002 781 2071 ita
801 1999 961 2075 multum
980 2007 1094 2080 inter·

57 2134 148 2212 dum
169 2131 353 2210 consumti
380 2157 534 2233 operae,
566 2150 607 2207 vt
627 2156 702 2207 vno
721 2131 837 2208 verbo
859 2142 992 2212 errotis
1009 2137 1094 2215 fon·

58 2283 135 2344 tem
156 2286 199 2343 et
219 2267 647 2359 caulium-declararem,
678 2283 743 2339 aut
762 2285 801 2342 vt
818 2265 912 2343 illud
930 2296 1096 2374 appone·

60 2430 155 2497 .·em,
208 2431 288 2506 quo
327 2401 435 2479 simili
465 2403 625 2476 aliorum
663 2404 779 2476 errori
818 2426 1102 2484 occurrereturr·

61 2565 146 2614 cum
165 2539 285 2613 modo
304 2537 407 2612 vrum
423 2535 605 2638 loquendi
626 2513 851 2636 poeticum,
865 2539 982 2615 modo
1002 2569 1094 2644 poe·
1119 2602 1124 2606 .

62 2679 176 2750 ticum
197 2672 354 2774 aliquod
373 2668 606 2773 phantasma,
631 2669 747 2745 modo
761 2672 962 2766 mythicam
981 2682 1094 2752 ratio·

63 2833 146 2883 nem
169 2831 306 2909 parum
340 2826 444 2881 recte
473 2808 592 2880 teneri
613 2803 790 2880 viderem.
860 2809 936 2884 Sed
961 2815 1094 2888 monui
1181 2848 1184 2854 ·

63 2940 138 3018 lere
156 2940 275 3018 verbo
296 2960 461 3032 tantum3
509 2936 720 3014 cuiusmodi
747 2935 974 3017 finonnulla
994 2944 1095 3022 forte

63 3096 278 3169 occurrent,
320 3100 437 3177 quae,
475 3098 542 3148 cur
566 3098 589 3145 a
610 3099 673 3148 me
702 3070 866 3173 appofita
891 3073 980 3166 fint,
1014 3104 1096 3155 non

64 3209 178 3288 statim
191 3209 334 3312 affequi
349 3205 458 3310 poffit
471 3206 591 3283 lector
603 3207 729 3308 paullo
744 3211 904 3283 acutior:
927 3209 1094 3314 respectu

66 3347 110 3421 ad
124 3345 354 3420 nobiliorem
368 3343 530 3444 aliquem
544 3362 896 3437 commentatorem,
923 3352 1092 3448 quamuis

66 3505 166 3557 ame
189 3506 270 3555 non
289 3481 541 3567 nominatum,
587 3475 733 3572 habito,
783 3478 928 3554 adiecta
954 3506 1000 3556 ea
1019 3478 1093 3560 effe

67 3619 288 3706 meminerit,
321 3631 379 3704 vt,
414 3635 500 3685 cum
518 3614 585 3685 viri
608 3617 720 3687 etiam
743 3611 844 3688 docti
862 3618 903 3687 in
926 3639 1014 3689 eum
1036 3641 1093 3692 er·

68 3772 180 3826 rorem
197 3746 319 3827 ellent
340 3745 501 3845 abrepti,
536 3745 766 3840 adolescens,
793 3751 858 3849 qui
878 3753 919 3822 in
938 3745 1092 3824 [imilem

70 3906 220 3963 errorem
239 3901 311 3959 aut
325 3876 583 3955 difficultatem
601 3887 716 3958 autin
737 3883 899 3959 eundem
914 3886 1093 3985 interpre-

70 4033 132 4092 tem
143 4021 341 4109 inciderit,
375 4011 492 4089 statim
505 4014 658 4109 habeat,
691 4043 767 4119 quo
784 4042 871 4093 eum
886 4015 1092 4115 redarguat.

72 4151 228 4234 Ceterum
253 4176 349 4232 eam
373 4147 513 4250 legem,
557 4176 654 4254 quae
677 4155 876 4254 vnicuique
899 4150 1095 4249 interpreti
