2692 4914
317 330 1017 449 transmittentis-so.
1112 334 1182 410 131

148 517 277 615 Quale
297 515 409 619 sopor
428 517 522 595 leffis
542 526 582 593 in
602 527 786 622 gramine3
813 519 940 625 quale,
961 545 1030 621 per
1044 517 1183 596 aestum
1287 539 1290 543 ’

145 654 278 728 Dulcis
301 679 423 754 aquae
448 652 598 730 saliente
619 653 713 728 sitim
739 653 964 753 restinguere
986 660 1081 729 riuo.

145 792 229 864 Nec
249 787 406 865 calamis
430 785 550 862 tolum
580 794 817 891 aequiparas,
856 785 919 862 sed
948 812 1043 864 voce
1070 794 1183 888 magi·

768 906 898 996 strum;

145 1040 353 1113 Fortunate
369 1065 480 1142 puer,
525 1058 568 1114 tu
593 1065 695 1116 nuno
718 1046 790 1117 eris
816 1041 910 1136 alth
936 1040 1081 1115 abillo.

144 1166 226 1245 Nos
248 1192 380 1249 tamen
412 1176 507 1252 haec
535 1200 776 1276 quocumque
811 1174 927 1247 modo
965 1174 1033 1248 tibi
1060 1171 1200 1263 nostra·

683 1299 688 1310 '
770 1291 920 1367 viciffim
1132 1296 1182 1373 50

146 1423 351 1516 Dicemus;
388 1425 644 1529 Daphninque
671 1445 776 1500 tuum
805 1427 979 1502 tollemus
1001 1427 1051 1502 ad
1073 1425 1185 1519 astra;

147 1559 336 1659 Daphnin
363 1559 412 1633 ad
441 1560 535 1634 astra
556 1559 738 1638 feremus:
779 1566 917 1633 amauit
940 1587 1008 1634 nos
1032 1586 1188 1663 quoque

768 1679 949 1779 DaphniS.

148 1834 216 1886 rio.
231 1813 297 1884 An
323 1808 532 1912 quidquam
554 1811 664 1887 nobis
692 1808 757 1883 tali
783 1809 998 1885 fittmunere
1017 1803 1161 1885 maiust

149 1947 196 2018 Et
224 1970 325 2045 puer
351 1943 426 2045 ipse
455 1944 526 2018 fuit
555 1950 696 2020 cantari
718 1945 868 2044 dignus3
904 1961 941 2018 et
961 1937 1025 2016 ista

151 2081 229 2151 lam
249 2077 401 2178 pridem
423 2079 605 2154 Stimicon
624 2078 790 2151 laudauit
812 2083 977 2153 carmina
995 2075 1116 2148 nobis.
1139 2071 1187 2148 55

198 2240 264 2285 rsa.
290 2211 482 2286 Candidus
502 2210 687 2287 insuetum
709 2216 865 2286 miratur
891 2208 1006 2286 limen
1025 2207 1187 2309 Olympi,

218 2375 254 2440 46
272 2368 354 2444 laffls
375 2375 455 2428 Rom.
502 2392 554 2444 per
573 2380 701 2446 gramina
722 2372 793 2446 apud
816 2373 934 2428 Priscian.
956 2371 1015 2424 Vll.
1097 2378 1130 2438 47
1148 2388 1189 2422 ro·

149 2456 295 2532 stringere
312 2459 419 2513 seriores
439 2475 503 2522 tres,
524 2479 556 2512 ox
578 2479 658 2513 more.
725 2464 760 2527 48
778 2469 944 2532 aequiperat
965 2457 1086 2527 scriptum
1105 2456 1132 2507 in
1147 2473 1189 2530 re·

157 2543 314 2600 umoribus.
336 2544 463 2597 nlleins.
532 2544 565 2599 53
584 2549 633 2597 An
654 2545 789 2617 quicquid
804 2542 875 2598 Gud.
912 2537 1189 2596 eattnottst'ottet

158 2626 243 2701 frigus.
264 2628 376 2683 Moreti.
424 2631 477 2691 Et,
504 2649 589 2700 puer,
626 2630 684 2700 ipsa
708 2630 867 2701 interpungit
888 2626 994 2681 erol'.
1018 2623 1078 2678 coll.
1099 2641 1123 2676 v.
1140 2642 1188 2695 ‘¹9‘

159 2715 188 2768 5⁵
202 2714 380 2774 Stimichon,
410 2717 568 2788 Sttmycon‚
596 2717 662 2767 varie
676 2715 799 2767 scribitur.
851 2714 1020 2784 Sthymacon
1043 2725 1068 2761 et
1091 2711 1189 2761 Stime-

160 2798 222 2851 tion
248 2799 382 2853 Gothani.
435 2802 465 2852 ln
486 2800 616 2853 Seruianis
639 2801 807 2854 confunditur
835 2803 974 2865 Σιμιχίδηε
1003 2812 1044 2863 ap.
1071 2791 1186 2844 Thena.
1264 2832 1270 2846 .

159 2884 305 2947 „annulli
335 2885 526 2941 Stimichonem
554 2904 653 2958 patrem
685 2886 820 2938 Theocriti
848 2881 961 2932 dicunt“
1000 2877 1054 2927 hoc
1081 2875 1189 2947 quidem

161 2988 244 3041 pirum
258 2984 331 3022 certa
347 2969 406 3024 side.
447 2971 546 3023 Verum
560 2971 693 3042 probabile
709 2972 769 3021 inde
783 2968 824 3026 fit,
842 2967 976 3017 Stimicon
991 2961 1018 3011 in
1032 2958 1120 3012 nostro
1132 2977 1190 3011 cor·

161 3076 259 3128 ruptum
276 3053 328 3110 affe
344 3077 375 3110 ex
395 3062 510 3126 Σιμίχων
524 3076 547 3107 v.
563 3057 649 3109 Koen.
665 3055 698 3107 ad
714 3057 822 3123 Gregor.
840 3048 901 3100 Cor.
917 3065 941 3115 p.
959 3045 1014 3098 133.
1050 3043 1191 3097 Simtctius

162 3142 298 3213 reponsum
320 3141 358 3197 est
372 3144 400 3194 iu
416 3142 478 3195 edit.
491 3139 631 3195 Parmenfi.
705 3140 739 3193 56
758 3140 850 3188 tumen
863 3132 967 3201 Menag.
983 3128 1047 3182 ulter
1060 3144 1086 3183 et
1099 3127 1188 3181 Fraus.

163 3298 266 3359 aqrtae
295 3280 371 3338 rino
407 3281 508 3356 poetis
543 3299 655 3356 perpe·
695 3273 751 3345 IX,
770 3289 808 3349 29
833 3269 941 3337 Varo,
963 3280 1055 3323 trutm
1070 3283 1191 3326 nomen

166 3395 261 3441 tuum:
284 3381 348 3439 vid.
365 3380 403 3439 ad
416 3378 479 3438 Ecl.
496 3378 586 3449 VIII,
602 3379 653 3456 87.
695 3407 736 3422 ·—
769 3373 948 3430 Cantantes
968 3366 1113 3442 sublime
1131 3366 1190 3446 se·

167 3485 210 3559 48.
227 3481 405 3560 sedetiam
425 3500 525 3546 voce,
551 3492 652 3548 cantu,
696 3489 769 3533 rent
793 3471 842 3531 ad
862 3469 978 3546 fidem
1003 3470 1116 3550 cygni:
1157 3481 1202 3533 et¹

168 3583 306 3667 magistro·
326 3604 384 3663 par
407 3603 448 3642 es.
498 3587 551 3659 49.
572 3577 653 3638 conf.
695 3577 810 3659 sup.43
822 3575 899 3633 hinc
911 3565 1193 3646 vsqueadstdem

170 3684 315 3748 Theocrit.
331 3685 356 3757 1,
373 3686 401 3746 3.
416 3683 491 3761 45·
526 3684 577 3742 51.
595 3680 655 3738 tol·
688 3694 801 3760 notus.
845 3675 942 3735 Porro
970 3677 1012 3750 54
1036 3690 1121 3753 prter
1149 3668 1193 3731 est

176 3784 264 3845 lamus
278 3785 326 3864 ad
338 3781 444 3864 astra,
461 3779 562 3865 potest
577 3774 653 3841 elle:
695 3777 844 3860 Daphnis.
891 3777 942 3838 Sic
969 3797 996 3838 v.
1025 3781 1067 3854 49
1106 3792 1193 3854 puer

104 3867 106 3873 ,
179 3889 206 3946 in
235 3889 346 3949 caelum
382 3904 415 3950 et
447 3892 529 3947 inter
567 3886 655 3944 diuos
698 3896 763 3942 erat
796 3879 939 3960 Mopsus,
990 3872 1044 3936 etti
1090 3890 1192 3935 aetate

185 3982 313 4050 hblstum
331 4010 454 4060 canam
481 3986 533 4048 Est
552 4003 656 4047 tamen
698 3989 797 4043 maior
810 3982 922 4062 supq.

188 4093 267 4148 verius
302 4114 337 4152 ex
364 4091 417 4154 vsu
449 4088 598 4173 loquendi
625 4101 657 4148 et
742 4087 792 4148 56.
809 4084 873 4145 Iam
885 4076 1026 4162 Daphnis
1040 4077 1115 4140 deus
1130 4076 1193 4138 lac·

193 4181 345 4266 impium,
374 4193 605 4268 celebrabimus,
627 4203 660 4252 vt
702 4200 750 4248 tus
763 4186 942 4258 celebratur,
954 4197 1046 4272 atque
1059 4180 1136 4264 odeo
1152 4183 1193 4246 ei,

226 4288 310 4355 Tou·
331 4293 354 4361 t
739 4288 764 4349 Ρ
1079 4289 1082 4294 ·
