2700 4906
257 329 332 421 748
460 324 503 396 P.
530 321 785 397 vrncruu
814 319 1091 422 utraours

258 517 358 621 lpse,
384 534 481 588 caua
504 508 625 582 solans
647 534 801 609 aegrum
822 507 1014 584 testudine
1041 532 1215 598 amorem,
1275 557 1279 561 -

261 659 331 743 Te,
358 647 479 721 dulcis
494 649 682 735 coniunx,
708 664 747 721 te
772 646 851 720 solo
875 651 918 718 in
936 645 1054 718 litore
1076 641 1206 734 secum,
1231 641 1289 726 465

262 792 323 863 Te
343 786 519 858 veniente
550 778 629 870 die,
677 798 715 854 te
739 780 953 855 decedente
974 778 1151 853 canebat.

265 920 469 996 Taenarias
492 919 603 988 etiam
626 913 769 1006 fauces,
807 915 882 988 alta
905 910 1000 986 ostia
1024 914 1139 1003 Ditis,

267 1063 315 1134 Et
344 1054 567 1152 caligantem
593 1053 699 1147 nigra
727 1049 931 1122 formidine
954 1047 1091 1122 lucum

266 1184 459 1289 Ingressus,
481 1187 681 1282 Manisque
697 1183 798 1274 adiit,
822 1186 1051 1282 Regemque
1065 1177 1296 1265 tremendum,

267 1322 477 1422 Nesciaque
504 1318 678 1390 humanis
719 1316 894 1418 precibus
932 1314 1193 1390 mansuescere
1230 1337 1298 1386 cor-

899 1448 962 1521 da.
1236 1455 1297 1542 470

269 1590 319 1665 At
346 1605 460 1664 cantu
487 1602 690 1660 conmotae
708 1582 820 1657 Erebi
848 1583 898 1658 de
929 1581 1084 1658 sedibus
1107 1589 1190 1656 imis

217 1785 227 1802 ⁶
305 1805 358 1871 465
377 1803 414 1856 Et
431 1799 523 1853 dulcis
535 1800 614 1853 Rom.
667 1799 719 1865 466
735 1797 898 1850 discedente
912 1797 997 1851 editio
1009 1798 1128 1868 vulgaris
1139 1797 1224 1852 nescio
1236 1817 1298 1871 qute.

270 1888 368 1959 Sicque
383 1886 481 1940 Medic.
497 1885 589 1948 Pierii;
621 1899 649 1937 at
667 1883 787 1936 meliores
798 1900 825 1936 et
843 1884 903 1937 libri
923 1899 951 1937 et
976 1900 1041 1937 vett.
1068 1883 1131 1936 edd.
1155 1885 1300 1937 decedente·

272 1972 343 2027 cons.
357 1972 417 2040 ζΕεΙ.
438 1973 473 2032 ll,
493 1973 534 2039 67.
616 1971 667 2039 467
690 1970 855 2022 Trinacrius
885 1969 995 2021 Vratisl.
1041 1969 1148 2041 sulces
1174 1987 1201 2024 et
1224 1971 1303 2023 valler

271 2060 374 2112 Pierius
395 2058 422 2109 in
444 2056 514 2108 libris
537 2053 608 2108 vidit.
661 2064 731 2107 auia
750 2052 823 2124 ostia
842 2053 941 2106 Medic.
964 2072 1033 2107 arn.
1050 2075 1108 2128 pn,
1134 2056 1211 2108 mele.
1249 2052 1303 2105 Vui-

272 2159 333 2214 gare
356 2140 392 2194 est
412 2142 491 2193 etium
512 2160 553 2212 ap.
570 2138 660 2193 schol.
676 2140 752 2193 Statii
766 2155 792 2192 et
806 2140 918 2191 Horatii.
940 2158 965 2191 v,
986 2142 1084 2192 Burm.
1168 2145 1218 2208 468
1234 2150 1304 2212 nigra

272 2225 417 2298 testudine
435 2224 557 2285 viniis,
585 2243 616 2277 ex
638 2243 660 2277 v.
675 2225 734 2291 464.
764 2225 803 2276 Io.
824 2223 964 2276 Schrader.
994 2226 1069 2278 coni.
1086 2226 1250 2297 ferrugine,
1283 2241 1304 2278 rt

252 2313 348 2384 ,saepe
372 2309 406 2362 de
427 2309 491 2363 locis
510 2309 614 2372 inseris,
648 2327 671 2362 v.
690 2329 713 2361 c.
735 2309 818 2362 Culex
834 2327 893 2377 272.
932 2310 995 2362 Nec
1013 2312 1108 2364 minut
1128 2329 1216 2365 tamen
1233 2327 1305 2363 metus

272 2413 300 2451 et
308 2394 455 2468 formido.
524 2396 575 2464 469
593 2414 647 2463 que
660 2394 719 2466 post
738 2414 834 2446 martes
850 2391 921 2446 abest
940 2412 955 2445 a
974 2394 1061 2449 tribus
1079 2399 1170 2449 Burni.
1215 2417 1306 2447 munn-

274 2503 329 2553 que
348 2480 409 2531 adn
424 2482 501 2531 Rom.
577 2489 624 2546 471
647 2479 794 2532 EtMedic.
811 2467 923 2531 Pierii'a
947 2499 985 2530 m.
1009 2501 1051 2550 pr.
1107 2501 1219 2534 cantum
1239 2484 1305 2535 Rom.

273 2583 299 2620 et
321 2568 353 2618 al.
376 2565 446 2635 apud
464 2563 591 2632 Pierium',
619 2580 646 2617 vt
666 2567 824 2636 acciperetur
837 2565 888 2617 Ad
901 2581 1032 2628 cantum,
1071 2569 1148 2640 quod
1169 2571 1243 2622 etiem
1262 2567 1305 2621 nt.

276 2651 399 2707 habebut.

275 2814 389 2894 thyia:
420 2826 574 2893 tamquam
595 2810 772 2893 Nymphnm
814 2810 982 2869 Maronem
1003 2809 1080 2872 hinc
1103 2812 1221 2894 petiisse
1237 2814 1305 2873 dico.

273 2917 409 2997 regionis
438 2910 616 2972 memorasse
639 2935 705 2973 eam
728 2918 772 2972 vi·
804 2911 934 2986 secum,
961 2929 994 2971 vt
1018 2916 1080 2973 Ge.
1103 2918 1129 2987 Ι,
1152 2920 1213 2995 589
1235 2917 1305 2991 sola

273 3019 373 3077 detur.
401 3016 474 3073 Erat
486 3013 660 3089 Erechthei,
678 3014 772 3075 Athe·
802 3013 922 3088 secum
939 3014 1102 3094 spatiatur.
1136 3019 1306 3079 Intufiot'

272 3140 384 3180 narum
404 3120 483 3197 regis
505 3115 682 3192 siliasvnde
702 3122 772 3176 Ac·
813 3114 935 3191 defferti
969 3116 1019 3175 ad
1046 3121 1231 3200 Strymonis
1255 3142 1304 3178 cn·

271 3225 355 3287 cias,·
389 3222 489 3279 Attica
514 3234 594 3277 terre
616 3220 768 3290 littoralis,
812 3216 899 3276 dam.

270 3315 397 3403 ἄκτικῆ,
441 3321 514 3379 olim
538 3321 644 3389 Acce,
684 3322 770 3403 quod

269 3443 388 3485 nomen
411 3426 493 3481 inter
512 3438 622 3504 poetas
645 3420 755 3501 haefit)

269 3547 287 3585 a
302 3528 402 3585 Borea
421 3540 518 3604 rapte.

853 3372 927 3446 467.
968 3371 1157 3432 Taenarias
1182 3374 1302 3453 sancet,

756 3466 767 3495 '
810 3468 933 3550 specum
953 3476 987 3530 in
1001 3476 1160 3536 Laconica
1180 3479 1217 3535 ad
1232 3477 1301 3532 Tac·

808 3593 930 3645 narum,
948 3578 981 3632 in
997 3585 1219 3654 promontorio
1232 3580 1301 3635 Tae·

311 3681 385 3754 464.
405 3677 526 3751 solans
538 3697 697 3743 amorem,
723 3677 768 3737 le·
808 3693 904 3750 nar03
937 3676 1020 3736 sorte
1045 3678 1075 3740 h.
1099 3681 1119 3742 1.
1142 3680 1301 3761 fimplicircr

267 3784 367 3840 niens.
385 3779 422 3837 cs.
436 3778 561 3838 adden.
575 3779 600 3851 1,
613 3781 766 3858 238.259.
808 3777 969 3856 proeditu
987 3780 1118 3840 dictum.
1171 3784 1240 3860 468.
1260 3783 1300 3837 ω’·

267 3886 341 3960 465.
361 3878 440 3957 solo
462 3883 497 3937 in
521 3881 642 3941 littore.
671 3881 766 3940 Corn-
805 3898 870 3956 gra
880 3880 1088 3957 formidine,
1112 3901 1229 3954 ornate,
1249 3904 1299 3963 pro

264 3987 368 4062 parari
416 3979 533 4063 potest:
593 3980 677 4045 αὐτῶ
715 3978 765 4045 ἐπ’
808 3982 953 4043 tenebris.
1050 3995 1126 4065 470.
1166 3982 1298 4067 Expreffit

262 4078 357 4154 tii‘o‘ror
372 4083 505 4145 Theocr.
520 4085 576 4156 XI,
597 4094 645 4161 ι4.
683 4081 713 4141 h.
735 4104 762 4145 e.
806 4081 866 4143 hoc
895 4084 983 4144 versu
1017 4083 1189 4172 οἷμείλιχον
1213 4086 1299 4164 'Atirr

260 4187 296 4244 in
304 4186 385 4262 solo
407 4188 528 4250 littore.
570 4189 762 4247 Noneutem
804 4185 890 4250 Iliad.
906 4211 925 4259 r,
954 4190 1025 4251 158.
