2692 4914
435 321 538 415 ,au
576 317 868 438 nvcouict
1066 317 1173 416 ¹239

143 513 216 573 loeo
230 507 293 584 VI,
313 528 356 588 72
379 504 505 590 Grynei
523 509 665 568 nemoris
685 507 842 586 originem
864 520 1076 586 argumentum
1096 505 1177 566 illiue
1242 493 1246 499 ’

146 612 336 679 conllituisse
359 619 478 676 innuite
506 633 596 688 nam,
634 635 704 674 cum
725 612 848 673 Gallum
873 610 990 671 summo
1018 592 1137 672 honore
1159 631 1179 672 a

145 721 240 784 Musis
255 737 420 802 acceptum
431 717 579 783 narrasset
590 721 699 794 Maro,
723 720 836 779 Linum
857 720 899 777 ait
920 720 949 775 ei
970 715 1097 778 fistulam
1116 719 1180 778 He·

148 827 224 890 hodi
238 823 432 909 praehuille,
451 825 550 886 verbis
565 826 706 886 adiectis:
734 825 797 883 His
812 824 957 903 (calamia)
980 823 1041 883 tibi
1055 823 1180 904 Grynei

148 936 293 994 amris
315 931 450 993 dicaerrr
470 933 584 1011 origo:
613 931 664 990 Ne
686 932 758 1011 qrrir
770 928 819 1004 sit
841 931 942 1003 lucras,
970 951 1034 1013 qno
1044 929 1087 1008 se
1102 931 1179 1012 plur

148 1044 250 1100 iactet
264 1038 400 1122 Apollo.
442 1038 549 1099 Altero
567 1036 636 1097 loco
656 1036 720 1096 Ecl.
743 1037 787 1108 X,
811 1038 862 1098 50.
884 1039 923 1099 51
955 1037 1060 1097 Gallus
1081 1013 1180 1118 lo'qui.

149 1163 214 1208 turc
248 1145 324 1219 Ibo,
354 1148 412 1218 ait,
450 1157 483 1203 et
504 1141 690 1203 Chalcidico
719 1162 805 1224 quae
824 1142 910 1219 stine
936 1145 1018 1203 milii
1042 1141 1180 1203 condita

149 1253 245 1329 versu
287 1252 463 1321 Conana,
519 1247 661 1331 pastoris
696 1247 797 1308 Siculi
830 1248 1026 1309 modulabor
1058 1271 1178 1311 atiena.

152 1359 259 1418 Gallus
278 1357 361 1418 adeo
382 1354 478 1432 vorsu
496 1353 683 1416 Chalcidico
704 1357 854 1414 carmina
875 1355 1078 1417 condiderat.
1120 1359 1183 1417 Eu·

151 1463 313 1545 phorionia
339 1465 476 1523 carmina
501 1459 625 1542 respici,
667 1464 722 1543 qui
751 1458 955 1522 Chalcidensis
989 1485 1026 1524 ex
1053 1463 1182 1525 Euboea

154 1571 226 1645 luit,
264 1569 335 1630 satir
363 1571 528 1646 conuenit;
564 1571 691 1649 eiusque
718 1563 837 1627 necelle
863 1565 906 1627 cll
933 1583 985 1627 aut
1004 1567 1184 1630 transtulille

156 1695 280 1736 carmen
309 1673 436 1756 aliquod
470 1678 504 1733 in
536 1671 712 1734 Romanurn
744 1670 915 1733 sermonem
951 1675 1092 1748 Gallum,
1132 1689 1185 1737 aut

157 1781 300 1844 liberiore
325 1780 444 1840 calamo
468 1776 645 1860 expreslille.
709 1777 851 1839 Procliue
876 1775 919 1839 est
943 1779 982 1838 ad
1011 1785 1186 1840 coniectan-

158 1889 247 1963 dum,
277 1905 404 1946 carmen
425 1885 464 1945 de
486 1885 631 1966 Apolline
651 1877 779 1968 Gryneo
802 1888 930 1968 eiusque
955 1885 1080 1947 oraculo
1099 1885 1186 1962 luisse

160 1993 231 2054 illud
256 1990 357 2075 ipsum
385 2011 517 2052 carmen.
572 1992 728 2051 Hactenus
757 1989 960 2051 consentanea
986 1991 1070 2064 sunt,
1106 2009 1187 2075 quae

161 2097 296 2182 apposui.
358 2097 477 2159 Similia
499 2096 559 2158 illia
586 2095 681 2160 hahet
707 2098 831 2158 Seruitia
856 2097 897 2158 ad
920 2097 1027 2183 Eclog.
1054 2099 1116 2175 vi,
1146 2121 1187 2182 7²

161 2224 191 2271 et
206 2210 250 2284 X,
274 2209 328 2271 50.
883 2204 904 2236 ⁵
1148 2201 1150 2204 ⁴

242 2401 414 2463 Enimuero
435 2396 492 2455 viri
512 2391 596 2454 docti
615 2389 784 2474 suspicione
802 2408 834 2456 at
850 2398 1032 2477 opinatione
1050 2399 1188 2464 adiecere

163 2510 238 2579 aliu
262 2528 301 2568 ex
320 2503 377 2576 vl,
398 2505 449 2580 69.
473 2520 523 2580 70.
567 2498 618 2558 vbi
638 2499 783 2559 calamos
800 2504 832 2561 ei
851 2501 935 2563 dant
953 2507 1012 2564 Mu
1027 2528 1078 2582 ac,
1109 2529 1191 2592 prior

163 2630 243 2677 ante
262 2602 428 2673 dederant
447 2606 594 2683 Ascraeo
612 2605 712 2683 seni:
760 2627 835 2689 ergo
862 2609 950 2691 Opus
976 2613 1101 2694 aliquod
1128 2616 1190 2674 Eu-

151 2722 343 2806 phorionis,
379 2713 465 2798 quod
484 2710 627 2772 Hefiodei
650 2716 788 2773 carminis
814 2734 928 2797 genere
952 2716 1095 2796 scriptum
1116 2735 1190 2793 erat,

164 2829 280 2910 respici.
340 2821 405 2883 Iam
437 2816 620 2899 Euphorion
653 2820 786 2879 Varroni
818 2836 851 2881 et
886 2823 1075 2883 Columellae
1111 2829 1193 2886 inter

164 2936 324 3014 scriptores
345 2932 392 2987 rei
411 2924 537 2986 rusticae
560 2940 755 3003 numeratu13
788 2927 860 2987 ideo
888 2948 1012 2987 carmen
1037 2930 1112 2990 illud
1136 2951 1194 2992 no-

165 3046 249 3103 rnine
267 3032 402 3110 Hefiocli
422 3032 596 3113 inscriptum
615 3028 701 3091 luisse
722 3030 816 3090 visum
835 3028 894 3103 est3
924 3048 956 3093 et
982 3030 1025 3093 est
1045 3055 1094 3116 ap,
1127 3037 1195 3096 Sui·

166 3149 238 3208 dam
258 3148 341 3203 iuter
360 3136 567 3220 Euphorionis
594 3137 700 3218 scripta
727 3136 866 3209 Ἡσίοδος.
926 3140 1079 3223 Georgica
1109 3139 1197 3204 suilla

164 3252 243 3316 illud
263 3247 396 3310 censent.
456 3246 572 3304 Verum
599 3266 668 3304 cum
697 3261 879 3328 argumento
906 3244 966 3309 hoc
993 3269 1101 3329 parum
1125 3270 1197 3312 con.

165 3363 297 3421 veniunt
318 3352 419 3414 versus
439 3350 581 3411 subiecti:
610 3354 673 3410 His
703 3352 765 3412 tibi
786 3354 911 3435 Grynei
937 3359 1079 3414 nemoris
1107 3356 1197 3417 dica·

166 3482 226 3527 rur
243 3465 337 3545 origo
358 3473 416 3520 etc.
439 3456 514 3540 quid
535 3460 617 3516 enim
636 3462 669 3518 in
687 3461 738 3519 tali
759 3466 892 3523 carmine
912 3467 1080 3523 conuenire
1096 3469 1200 3545 potuit

168 3593 240 3632 cum
261 3567 443 3650 Georgicis?
484 3563 661 3627 Videndum
681 3569 785 3650 itaque
807 3565 851 3631 est
872 3568 911 3630 de
938 3566 983 3629 hir
1004 3571 1110 3652 paullo
1132 3571 1200 3634 dili

168 3682 304 3762 gentina.

257 3863 468 3948 Euphorion,
502 3859 647 3924 Chalcide
672 3859 839 3939 Euboeae,
871 3879 905 3924 vt
925 3865 1003 3941 dixi,
1042 3867 1200 3943 oriundus,

171 3971 319 4036 Antiochi
340 3972 385 4032 M.
407 3973 487 4053 regis
509 3971 612 4053 Syriae
639 3969 843 4032 bibliothecae
869 3972 1056 4052 praefectus,
1091 3963 1204 4053 magna

173 4081 248 4143 olim
275 4080 356 4139 sama
384 4073 497 4138 floruit.
559 4077 609 4136 De
646 4098 686 4138 eo
719 4074 787 4157 poll
821 4078 933 4140 Meurs.
964 4079 1003 4139 ad
1029 4077 1203 4140 Helladium

176 4188 280 4269 (Opp.
300 4185 361 4246 To.
381 4182 462 4262 Vl),
497 4198 529 4244 et
554 4180 637 4247 Voss'.
662 4183 701 4244 de
722 4180 787 4247 hist.
805 4188 857 4248 Gr.
879 4185 906 4258 l,
932 4205 980 4266 17,
1009 4200 1042 4246 et
1061 4185 1100 4245 de
1117 4198 1203 4266 poet.
