2700 4906
324 340 648 422 SECVNDAE
684 340 995 424 EDITIONIS
1035 447 1044 464 ·
1088 371 1214 430 xavrr
1288 436 1294 445 ,

153 550 337 623 orationis
362 551 493 623 nitore
516 551 717 648 quicquam
736 563 876 639 mutat;
926 565 966 623 vt
985 577 1118 653 parum
1137 577 1205 632 aut

153 684 241 759 nihil
262 681 425 773 reserat,
463 701 547 757 vtro
570 681 685 758 modo
708 680 821 781 legas.
895 683 970 760 Vbi
994 685 1200 766 lectionem
1323 768 1325 772 ,

152 837 345 919 receptam
367 835 406 892 et
428 814 543 919 ipsam
574 813 713 889 bonam
734 813 809 892 esse
835 816 961 893 videas
969 873 979 911 ,
1021 847 1089 895 our
1113 848 1198 902 eam

151 972 270 1028 mutes
295 976 422 1052 eaque
457 953 667 1025 mutatione
696 955 879 1028 maiorem
907 951 1114 1030 molestiam
1137 962 1219 1033 ins

152 1087 263 1179 seres,
300 1111 418 1186 quam
437 1079 656 1159 utilitatem?
715 1082 776 1158 Est
797 1086 886 1179 alia,
915 1087 976 1163 vbi
994 1093 1035 1161 in
1058 1107 1194 1166 vtram.

152 1248 223 1325 que
245 1238 399 1322 partem
418 1223 582 1293 rationes
605 1213 758 1318 poliunt
778 1225 978 1296 memorari
1007 1221 1188 1300 idoneae:

150 1382 222 1458 qno
245 1359 333 1428 iure
354 1351 541 1453 vulgatam
561 1350 719 1444 deleres,
751 1353 905 1430 alteram
925 1355 1188 1456 amplectaris?

151 1493 238 1568 Sunt
269 1494 488 1578 innumera,
534 1489 575 1560 in
601 1485 736 1588 quibus
759 1513 847 1562 vera
869 1487 1054 1591 scriptoria
1077 1497 1185 1587 ratio,

149 1651 248 1701 mens
270 1643 311 1700 et
328 1619 435 1712 rsus,
473 1644 570 1711 non,
615 1617 683 1694 nisi
709 1617 786 1720 ipso
816 1641 971 1725 auctore
990 1631 1186 1725 pronunti·

149 1778 247 1851 ante,
288 1752 462 1835 constare
482 1744 619 1854 potest:
670 1753 738 1829 nili
760 1779 848 1833 eum
876 1780 924 1830 ex
945 1755 1071 1831 inferis
1096 1784 1186 1836 eno·
1304 1843 1308 1850 ,

147 1913 269 1969 mmm
292 1890 427 1966 audire
446 1887 595 1964 licuerit
615 1888 720 1965 dese
742 1893 1069 1990 pronuntiantem,
1102 1897 1186 1995 quie

147 2029 207 2102 tibi
228 2034 289 2102 ius
312 2030 355 2098 in
382 2047 472 2099 eum
495 2021 617 2115 dedit,
653 2042 691 2098 vt
710 2042 751 2096 tu
775 2049 847 2124 pro
869 2049 915 2099 eo
936 2022 1185 2126 pronunties?
1230 2070 1233 2075 -

147 2164 243 2257 Quin
269 2157 453 2259 relinquis
481 2155 541 2249 id,
583 2157 690 2258 quod
715 2156 828 2233 semel
852 2157 1041 2232 volumina
1070 2153 1188 2236 occu·'

146 2299 243 2398 pauit
270 2309 312 2368 et
335 2296 400 2368 cui
431 2290 548 2390 longo
582 2290 645 2364 vlu
672 2310 710 2367 et
738 2291 902 2367 lectione
935 2289 1182 2369 affueutmust

149 2434 308 2506 Omnino
322 2431 478 2501 minutis
490 2425 548 2499 his
564 2443 604 2501 et
613 2427 781 2516 exilibus,
790 2429 830 2498 in
844 2425 978 2527 quibus
986 2431 1106 2505 maior
1117 2428 1184 2502 ha-

148 2591 223 2641 rum
240 2588 371 2639 rerum
383 2585 469 2662 pars
483 2557 661 2651 versatur,
682 2544 798 2635 animi
814 2580 852 2635 et
863 2565 1003 2660 ingenii
1020 2587 1181 2639 acumen

148 2719 179 2773 et
189 2705 377 2798 impetum
390 2693 511 2794 frangi
525 2711 564 2768 et
578 2700 686 2770 atteri
699 2692 896 2769 molestum
914 2692 975 2769 est.
1003 2699 1091 2791 Quo
1101 2693 1180 2795 ipso

147 2831 279 2908 samum
307 2827 377 2919 est,
415 2846 456 2901 vt
482 2833 608 2927 magni
632 2831 761 2904 Critici
783 2827 976 2903 adrerum
1001 2816 1180 2901 summam

148 2987 179 3040 et
201 2968 417 3065 argumenti
436 2964 697 3036 tractationem
720 2965 1026 3065 tractationisque
1047 2981 1177 3056 artem,

147 3098 245 3201 saepe
257 3097 310 3173 ad
331 3095 489 3197 singulas
511 3094 726 3188 sententias,
765 3113 841 3167 tam
861 3121 993 3195 parum
1010 3095 1179 3171 attende·

147 3253 240 3325 rent;
287 3251 405 3333 vtque
432 3229 715 3306 emendationes
743 3229 794 3305 de
814 3229 934 3304 verbis
954 3226 1101 3331 singulis
1124 3229 1178 3305 af·

147 3365 294 3457 ferrent,
335 3389 425 3440 cum
456 3389 582 3439 rerum
620 3390 666 3440 ao
699 3363 961 3440 sententiarum
1000 3362 1178 3442 summam

148 3527 216 3575 non
237 3497 529 3600 assequerentur.
596 3501 684 3572 Non
709 3497 776 3574 nisi
803 3498 930 3574 vitiosa
960 3499 1178 3601 extirpanda

151 3633 236 3729 sunt3
274 3631 442 3711 simodo
470 3629 684 3708 substituere
704 3630 813 3734 pollis
840 3659 945 3726 tera,
979 3632 1105 3710 saltem
1127 3630 1179 3716 sae

151 3774 188 3843 tir
205 3769 426 3873 probabilia.
462 3766 655 3868 -Reliqua,
684 3793 782 3869 quae
797 3769 890 3844 nihil
908 3766 1069 3861 interest,
1095 3785 1177 3840 vtro

151 3905 256 4002 niodo,¹
285 3907 485 4008 legantur,
535 3901 748 4007 relinquere
792 3909 933 3978 intacta
969 3900 1078 3975 satine
1114 3898 1178 3976 est.

152 4038 241 4136 Nam,
273 4042 398 4148 ipsam
422 4064 579 4112 manum
600 4045 732 4115 veteris
754 4057 892 4141 poetae
912 4042 953 4112 in
974 4034 1121 4136 singulis
1140 4051 1180 4107 et

153 4179 292 4261 omnibus
309 4173 521 4257 redhiberi
534 4171 655 4278 polle,
682 4199 795 4251 nemo
812 4173 977 4277 prudens
993 4176 1180 4271 opinetur.
1300 4192 1308 4215 r
