2692 4914
146 314 201 364 ιι.
465 280 856 377 PRAEFATIO

146 492 268 582 docti,
301 504 367 560 aut
382 483 480 562 forte
495 492 560 590 qui
582 487 686 563 docti
708 482 775 561 libi
790 483 863 563 elle
878 434 1117 575 videbannrr,
1150 498 1190 556 vt

147 633 188 702 in
207 622 333 699 nostro
356 621 524 698 sermone
544 622 767 714 vernaculo,
796 620 967 724 scripsere
984 627 1012 694 i.
1062 619 1192 693 inclu-

148 780 211 835 tus
231 784 319 834 vera
342 754 528 832 scribendi
554 763 650 849 ratio
673 753 741 849 est,
780 783 863 831 non
881 757 1042 851 inclytus
1072 774 1111 829 et
1136 758 1194 828 in-

150 895 272 972 clitus.
326 892 557 973 lacrumae,
600 919 680 966 non
715 891 901 987 lacrymae
932 911 971 966 et
1002 891 1194 966 lacrimae.

129 1033 270 1106 .Porro
292 1053 372 1101 non
397 1025 513 1099 modo
531 1025 724 1101 deterioris
744 1031 845 1116 aeui,
880 1051 1009 1101 verum
1030 1030 1108 1097 iam
1124 1026 1197 1097 Ca·

152 1163 315 1251 tulliani,
339 1180 379 1233 vt
393 1186 416 1263 e
432 1161 592 1258 Quintil.
612 1164 640 1253 I,
657 1160 691 1252 5,
711 1186 760 1234 20
784 1159 945 1252 constat,
974 1163 1198 1262 pronuntia·

151 1304 207 1373 tio
232 1296 369 1369 einch
383 1301 545 1370 mutauit
568 1299 607 1366 in
623 1295 832 1396 plerisque:
868 1293 976 1370 scribi
992 1293 1091 1370 adeo
1107 1317 1198 1367 coe·

152 1437 209 1535 pit
239 1429 469 1528 lachryma,
509 1430 710 1511 anchora,
755 1429 944 1530 pulcher,
970 1428 1198 1529 pulchrior,

143 1563 413 1669 sepulchrum.
470 1565 590 1639 Recte
609 1560 807 1662 adspiratio
823 1568 864 1636 in
879 1562 936 1636 his
961 1560 1015 1636 est
1029 1560 1200 1665 expulsa3

154 1698 292 1775 eodem
315 1717 442 1784 umen
461 1703 544 1774 iure
564 1697 671 1774 scribi
695 1699 877 1773 debuerat
893 1698 1055 1799 pulcer,
1089 1716 1147 1787 et,
1172 1692 1202 1768 fi

154 1861 280 1910 veram
294 1836 486 1932 antiquam
500 1838 685 1908 rationem
700 1832 844 1908 seruare
858 1832 1022 1923 volebas,
1042 1830 1200 1930 pollen

154 1988 192 2044 vt
205 1967 429 2067 Karthago.
475 1971 631 2044 Veteres
646 1971 806 2041 Romani
822 1971 884 2040 tia
900 1991 1099 2066 nunquam
1112 1989 1202 2065 pro-

154 2105 376 2175 nuntiarunt
396 2120 434 2174 vt
456 2104 543 2172 cia.-
591 2128 668 2203 quo
689 2106 770 2176 iure
787 2105 973 2179 nuncius,
998 2090 1201 2199 pre‘cium,

156 2255 195 2310 et
213 2231 344 2309 similia
363 2231 578 2309 scribimus?
629 2235 767 2310 scilicet
793 2260 841 2309 ex
868 2232 1004 2310 seriore
1030 2260 1204 2334 pronun-

155 2373 324 2444 tiatione.
374 2370 515 2443 Iterum
531 2338 676 2444 certam
690 2374 877 2444 rationem
896 2392 1011 2443 nemo
1034 2366 1205 2469 sequitur

155 2507 197 2579 in
216 2501 348 2576 litteris
373 2502 623 2601 geminandis:
672 2504 785 2582 litus,
823 2502 964 2581 litera,
1007 2500 1204 2577 scribimus

154 2636 272 2729 forte3
304 2656 344 2710 at
363 2663 430 2712 cur
453 2663 533 2710 non
551 2657 591 2712 et
612 2636 764 2709 belua?
794 2636 912 2708 cela?
945 2636 1028 2709 ile?
1086 2641 1205 2715 Vete-

155 2796 215 2846 res
238 2777 393 2845 omnino
418 2771 552 2847 Graeci
576 2793 615 2848 et
637 2773 799 2846 Romani
824 2792 896 2843 vna
916 2769 1042 2845 littera
1067 2767 1206 2846 scribe-

155 2906 265 2998 bant,
305 2912 614 3007 pronuntiatione
635 2931 719 2981 eam
747 2905 1004 3003 geminabant:
1042 2903 1206 3005 quodfi

158 3039 270 3115 semel
293 3044 487 3140 antiquam
509 3044 694 3114 rationem
714 3037 892 3138 sequeris,
941 3063 987 3112 ea
1011 3035 1208 3139 sequenda

157 3178 228 3247 erit
247 3178 289 3247 iu
311 3149 504 3264 omnibus,
527 3173 719 3273 adeoque,
746 3168 915 3250 fibaca,
940 3175 1056 3244 etiam
1075 3198 1205 3253 vaca,

155 3303 314 3377 bucina.
367 3307 406 3377 Si
425 3323 562 3403 poetae
583 3306 723 3381 litteras
746 3309 955 3405 geminant,
1000 3324 1039 3379 vt
1064 3304 1207 3400 syllaba

153 3435 403 3539 producatur,
436 3436 610 3538 scriptum
631 3440 755 3513 videas
775 3438 987 3539 promiscue
1007 3460 1206 3540 quatuor,

154 3571 334 3670 relligio,
369 3589 408 3645 et
429 3575 627 3671 Iuppiter,
657 3573 733 3648 hoc
748 3573 909 3646 alterurn
929 3576 1045 3648 etiam
1065 3602 1208 3678 perpe·

153 3728 251 3796 ram,
274 3729 362 3777 nam
376 3708 535 3803 primam
555 3711 595 3780 in
610 3711 760 3809 Iupiter
775 3732 964 3808 nusquam
982 3731 1208 3814 correptam

152 3836 247 3929 vidi,
285 3856 324 3911 et
348 3834 399 3911 est
420 3858 613 3917 contracta
633 3868 708 3915 vox
730 3867 777 3915 ex
805 3844 1027 3941 Iouispater.
1079 3863 1208 3920 rettu-

153 3973 202 4044 h‘t
224 3970 381 4046 indocte
403 3969 527 4066 scribi,
551 3975 681 4050 docuit
702 3978 757 4049 Io.
774 3974 969 4050 Schrader.
1025 3983 1209 4077 Quanto·

152 4132 244 4208 pere
273 4105 432 4183 fluctuat
460 4105 636 4211 scriptura
664 4113 705 4184 in
736 4108 994 4213 sequentibus:
1031 4114 1206 4217 sequor,
