2700 4906
167 329 965 425 oronorconrrr.1v,rso-iet
1040 334 1112 434 751

67 519 237 574 coniiciebrt.
279 517 385 588 stende
405 516 519 587 reposuit
536 516 644 573 Wakel.
680 516 778 571 Saltem
793 519 821 570 in
834 534 898 572 nota
916 519 1014 593 epponi
1034 519 1112 575 letius

65 611 139 663 erat!
184 612 277 664 Canta
303 608 408 660 firment
428 608 516 679 vtique
538 607 617 660 codd.
645 607 745 678 aliquot
775 607 844 678 opud
864 610 993 673 Pierium;
1026 626 1053 664 et
1070 629 1110 663 re·

64 716 142 770 cepta
161 696 199 752 est
219 716 250 751 et
270 697 349 751 lectio
369 698 532 758 uMurtino,
558 716 608 750 neo
624 696 681 749 aliis
702 698 787 751 doctis
807 699 866 751 viris
886 717 943 751 eam
964 698 1107 768 improbari

62 789 126 842 vidi.
162 789 249 842 Docet
270 804 360 841 tumen
379 786 465 843 sensus
487 786 590 840 criticus
612 806 643 838 ex
663 787 868 856 interpolatione
891 807 949 840 eom
971 786 1021 842 elle
1045 807 1106 859 pro·

61 875 168 942 lectam,
189 878 208 931 f.
222 897 254 932 ex
265 897 288 930 v.
299 887 348 954 471
365 879 407 930 At
421 891 514 930 cantu.
540 878 658 932 detonet
671 875 785 932 scribunt
796 879 873 932 multi
884 876 964 932 codd.
978 895 1005 932 et
1017 876 1078 931 edd.

60 1045 157 1108 locus.
209 1040 319 1103 Sensus
343 1039 452 1121 perse
475 1061 564 1121 sper·
594 1058 760 1119 moretur:
800 1041 853 1103 vbi
884 1044 1011 1105 Titanes
1040 1035 1103 1109 οὔτ’

60 1162 110 1207 tus
139 1142 199 1207 est:
234 1144 351 1204 Ixionis
371 1157 472 1202 rotem
495 1138 562 1239 sub}
605 1143 698 1232 αὐγῇς
722 1143 873 1229 ὁπερίονος
896 1143 1003 1229 ἠελίοιο
1024 1148 1103 1231 Τέρ-

58 1245 180 1315 ΙὶίῑίΠες
205 1246 255 1308 led
269 1245 429 1306 haeremus
444 1249 477 1304 in
495 1267 562 1305 ver·
603 1244 688 1311 rou?
715 1239 776 1311 οὔτ’
803 1246 954 1328 &ripum
997 1253 1102 1330 potuit

58 1348 117 1416 bis,
169 1348 393 1429 proposueram
423 1351 559 1407 rationes
603 1363 709 1410 temen
732 1371 780 1409 res
812 1355 921 1413 variari
951 1349 990 1411 eb
1023 1353 1099 1412 eliis.

58 1453 150 1515 duur:
186 1451 332 1518 alteram,
358 1465 390 1510 vt
409 1462 486 1507 rota
508 1469 558 1507 or.
599 1450 646 1510 Ita
660 1455 758 1511 ventis
772 1471 839 1512 non
855 1468 940 1513 vocnt
954 1455 1100 1515 Tartarus

57 1553 111 1613 bis
129 1550 236 1633 litpro
258 1551 345 1625 orbe,
375 1566 407 1612 et
428 1549 477 1609 hic
498 1571 557 1631 pro
599 1572 648 1633 ep.
667 1553 788 1614 Pluton.
814 1552 928 1617 Phaed.
952 1577 984 1636 p.
1002 1559 1043 1620 83
1061 1557 1098 1617 C.

55 1670 137 1717 rote.
192 1654 258 1721 Ium
280 1653 356 1735 quid
378 1649 437 1713 est:
481 1667 566 1726 rota·
598 1655 680 1728 Fri,
718 1670 750 1717 et
785 1659 820 1715 in
857 1657 922 1735 ipso
956 1659 1098 1720 Homero

56 1753 204 1833 constitit
231 1757 357 1815 vento?
400 1757 555 1817 Ixioniae
599 1754 705 1840 Odyff.
722 1759 754 1830 t,
768 1759 830 1837 590
858 1763 932 1838 591,
952 1758 1003 1819 vbi
1013 1760 1099 1820 Ten·

55 1874 156 1919 rotae
174 1859 225 1919 elii
245 1873 357 1938 poetae
380 1857 557 1926 turbinem,
598 1859 662 1918 talo
685 1879 779 1940 pomo
805 1875 949 1940 captante
984 1855 1097 1930 ΤΗ
1149 1889 1150 1892 “

55 1977 91 2029 vt
110 1963 228 2022 Senem
248 1961 341 2020 Herc.
363 1960 436 2020 Oet.
463 1963 574 2039 1069„
598 1951 704 2038 ir'vsuot
727 1959 875 2044 §titutione
897 1961 969 2024 rori
996 1960 1096 2041 νέφεα

55 2065 221 2130 vortices,
251 2079 284 2124 vt
309 2064 423 2123 Statius
453 2059 555 2128 Theb.
597 2055 745 2128 ensium.
789 2064 829 2123 Et
850 2062 923 2124 hinc
943 2066 1096 2144 interpre-
1160 2106 1164 2120 .

53 2164 142 2240 vm,
158 2171 211 2229 50.
224 2169 277 2238 51,
299 2164 455 2234 tribuunt;
474 2185 555 2223 ven-
597 2169 653 2226 teri
674 2165 746 2224 licet
768 2166 923 2246 Propertii
945 2165 1021 2230 illud
1037 2164 1083 2225 1v

55 2282 129 2329 etim
157 2289 252 2329 nemo
281 2266 407 2341 tribuit,
454 2282 488 2327 vt
511 2287 553 2328 ne
600 2287 656 2339 ιι,
680 2269 720 2330 25
750 2280 864 2325 tacent
887 2269 1015 2328 Ixionis
1042 2288 1096 2327 or·

54 2390 179 2430 artram
198 2372 342 2452 quidem,
373 2390 454 2452 quae
472 2384 556 2429 rota·
597 2366 672 2427 bes:
698 2388 776 2450 quos
791 2357 1022 2433 concitatillimo
1036 2390 1095 2451 per

54 2477 138 2534 tioni
161 2476 288 2553 proprie
312 2471 445 2532 deretur.
488 2472 557 2535 Nec
597 2490 700 2530 serem
739 2485 827 2530 motu
859 2467 1018 2553 strepitum
1048 2473 1096 2533 fr·

54 2590 164 2637 temen
185 2575 311 2648 dubito,
348 2570 482 2653 fiplura
503 2593 557 2633 ve·
599 2592 669 2632 cere
687 2568 808 2632 neoeffe
827 2587 901 2636 erat.
944 2575 1040 2635 Venti
1060 2579 1095 2637 iu

54 2694 160 2739 terum
193 2680 333 2758 Inprimis
363 2675 556 2735 Graecorum
596 2671 715 2758 Elyliot
738 2675 816 2734 Aen.
831 2675 890 2748 VI,
908 2683 970 2755 740
983 2691 1015 2736 et
1029 2678 1094 2740 888

54 2796 221 2864 poetarum
235 2780 304 2842 loce
319 2776 377 2838 hac
391 2778 430 2838 de
445 2797 480 2837 re
501 2774 555 2836 he·
597 2779 685 2834 aeris
699 2777 735 2834 in
749 2776 884 2856 campis,
907 2791 941 2838 vt
954 2780 988 2837 in
1002 2778 1093 2839 Pind.

55 2882 219 2956 beremus,
265 2903 293 2942 v.
335 2902 361 2941 c.
399 2877 555 2958 Euripidis
598 2877 649 2939 01.
680 2897 698 2936 2
728 2880 762 2937 in
788 2877 891 2938 insulis
918 2877 1093 2948 fortunatis,

54 2985 199 3047 Ixionem
222 2985 311 3062 (narn
330 2986 401 3044 etis
420 3001 491 3042 eum
504 2999 556 3040 roe
596 2980 625 3040 A
655 2993 750 3041 vento
783 2995 865 3040 certe
895 2976 995 3041 cnolle
1025 3001 1094 3042 non

55 3102 108 3148 tae
123 3083 271 3159 affixerat,
292 3085 335 3170 τῷ
351 3082 455 3177 τροχῷ
469 3105 556 3166 προς·
597 3083 678 3142 mele
699 3085 866 3162 repetitur,
909 3080 972 3144 iiue
994 3099 1028 3146 vt
1053 3082 1094 3144 eb

55 3189 172 3272 ηλῶσαι
200 3189 298 3258 fertur
325 3207 374 3268 ep.
402 3183 555 3249 Plutarch.
597 3194 638 3247 eo
673 3185 848 3265 impellatur
884 3200 969 3259 roto,
1020 3207 1093 3247 cum

55 3293 99 3355 de
113 3293 174 3375 leg.
196 3306 282 3373 poet.
305 3296 413 3370 capit
451 3286 554 3370 [Opp.
597 3291 778 3349 circumacto
815 3286 956 3357 Ixionem
989 3287 1094 3370 ellige-

54 3385 150 3461 Tom.
168 3394 208 3467 II,
227 3414 300 3476 pag.
320 3389 457 3473 19E⁴]),
491 3409 556 3449 cer·
596 3405 664 3453 tum
678 3404 771 3463 rotet,
799 3387 863 3450 liue
877 3405 910 3450 vt
924 3410 963 3454 eo
978 3387 1094 3452 cellen·

55 3501 139 3564 tiore
153 3517 211 3559 nos
227 3495 317 3556 huius
331 3499 377 3556 rei
392 3512 557 3577 argumen·
597 3508 629 3553 te
642 3507 711 3554 rota
724 3489 801 3552 llere
816 3489 917 3574 poffit.
959 3495 999 3553 In
1014 3511 1094 3552 aere

55 3615 89 3660 tu
124 3597 283 3659 habituros
318 3594 396 3667 elle3
436 3616 556 3658 nouum
597 3609 668 3656 tota
700 3598 862 3678 circumagi
895 3593 1019 3669 debuit,
1062 3606 1095 3655 et

56 3715 127 3765 erut
142 3714 175 3761 et
190 3700 266 3760 illud
281 3700 340 3761 Ge.
356 3699 464 3771 111,38
489 3714 557 3758 tor·
586 3676 737 3779 'proxime
757 3697 895 3772 accedit,
926 3697 1011 3787 quod
1031 3698 1095 3758 Eur·

58 3818 111 3865 tos
148 3803 276 3862 Ixionis
310 3821 455 3880 unguen
498 3821 557 3881 ρο·-
597 3798 704 3879 ripidis
745 3797 926 3867 Scholiulles
973 3798 1094 3867 Phoen,

57 3920 148 3966 tuere
166 3909 271 3987 itaque
288 3909 380 3964 etiam
401 3906 485 3964 venti
503 3902 558 3962 eli·
603 3920 683 3980 1192
710 3898 901 3970 hauddubie
918 3923 936 3969 e
952 3897 1096 3967 vetustio-

59 4027 143 4090 qnae
166 4022 269 4089 partes
298 4003 359 4068 elle
386 4027 423 4067 eu
451 4010 485 4068 in
512 4023 556 4064 re.
598 4025 633 4065 re
655 4004 760 4087 aliquo
783 4020 910 4066 auctore
931 4017 1094 4076 memoret,

59 4106 125 4171 Erfi
138 4114 222 4171 euim
237 4109 323 4177 Iliad.
339 4107 376 4183 8,
390 4110 449 4188 481
480 4108 559 4166 Tar·
599 4107 707 4173 louem
723 4112 833 4169 iratum
850 4107 987 4169 Ixionem
1007 4120 1096 4166 rotae

62 4226 158 4275 turus
182 4211 260 4294 stne
284 4228 385 4277 vento
414 4207 473 4276 elle
494 4229 560 4273 me·
601 4210 751 4295 illigatum
774 4201 941 4296 permilillo
961 4212 1026 4272 ueri
1051 4208 1097 4270 fe·
