2700 4906
146 309 222 391 364
354 303 397 375 Ρ.
421 302 668 385 VIRGILII
699 301 961 377 MARONIS

146 489 342 592 Agricolae
361 493 513 590 propius
534 488 679 563 stabulis
693 508 859 563 armenta
879 500 1063 562 tenerent.
1100 481 1175 592 555

113 669 122 676 -
148 630 359 714 Continuo,
392 629 510 697 ventis
532 623 776 725 surgentibus,
819 641 883 695 aut
904 621 997 696 freta
1017 621 1127 719 ponti

147 762 335 859 Incipiunt
358 763 492 855 agitata
514 756 739 847 tumescere,
785 776 822 831 et
851 756 974 829 aridus
1006 753 1088 824 altis

146 891 341 972 Montibus
362 889 483 963 audiri
509 889 632 991 fragor
639 921 649 981 ;
686 909 750 963 aut
781 889 988 963 resonantia
1012 887 1126 983 longe

148 1033 275 1102 Litora
287 1021 440 1115 misceri,
456 1042 493 1098 et
507 1050 704 1100 nemorum
717 1023 986 1100 increbrescere
996 1041 1174 1092 murmur.

216 1211 267 1276 357
286 1204 392 1259 arduus
410 1205 452 1262 ed.
471 1207 540 1260 Ven.
563 1226 589 1264 et
605 1209 750 1263 Romanus.
776 1205 855 1262 Male.
868 1206 919 1259 sid.
934 1206 1001 1259 Not.
1070 1202 1176 1271 559111·

151 1292 323 1366 crebrescere
339 1289 436 1348 Medic.
456 1311 517 1349 eum
536 1293 607 1362 aliir;
639 1314 694 1346 non
718 1293 915 1363 increbescere.
967 1287 1014 1351 etsi
1036 1287 1090 1342 hoc
1109 1282 1175 1364 mol·

148 1381 215 1445 lius,
252 1394 279 1432 nr
300 1375 364 1438 illud
385 1373 507 1430 austerius
528 1393 554 1432 et
573 1379 688 1447 pleniore
709 1377 783 1437 sono.

121 1563 126 1583 <,
150 1521 210 1580 lius
247 1514 510 1578 accommodatum
544 1518 641 1578 videri
682 1517 798 1590 XVIII,
813 1517 865 1590 35,
889 1514 959 1576 sect
978 1516 1029 1577 85.
1050 1515 1102 1576 86.
1123 1511 1174 1588 87.

150 1617 251 1703 poffir
272 1621 362 1694 Nam,
376 1616 497 1680 nonnisi
506 1617 642 1702 propoli·
685 1622 870 1680 Continuo:
909 1619 1073 1700 principio.
1114 1611 1174 1672 vid.

151 1728 191 1785 tis
200 1723 273 1783 inde
287 1743 305 1782 s
318 1721 642 1800 sempronianum
683 1722 746 1804 sup.
758 1727 809 1786 60.
828 1722 936 1780 ventis
942 1714 1175 1796 surgentibus:

152 1826 316 1886 fulminum
337 1821 554 1904 prognosticis,
576 1823 643 1883 sub-
684 1845 757 1884 mox
777 1822 816 1883 vs.
834 1824 896 1884 365
932 1835 1031 1880 vento
1052 1823 1176 1898 impen-

151 1931 216 1988 iicit
243 1949 272 1988 v.
295 1928 358 2005 393
385 1925 539 2009 praesigia
567 1926 644 1986 sere·
685 1924 802 1992 dente:
825 1924 894 1985 vide
910 1923 1003 1983 modo
1018 1922 1175 1997 adsuffici-

151 2031 247 2091 nioris
263 2027 349 2088 coeli.
386 2025 468 2109 quid
476 2026 581 2106 saepe
594 2028 645 2085 vi·
676 2027 775 2107 freta
808 2028 907 2108 ponti
936 2027 1059 2105 poetice
1094 2025 1176 2102 peri·

151 2129 276 2208 donem,
303 2127 333 2187 h.
353 2148 416 2209 quo
431 2128 492 2188 viso
509 2148 644 2210 progno-
684 2128 783 2210 phmsi
796 2150 855 2209 pro
871 2144 990 2209 ponto,
1013 2128 1108 2201 mnri;
1128 2126 1175 2182 ni-

151 2229 291 2292 streone
303 2229 428 2290 indicio.
471 2229 642 2292 osseonf.
684 2231 727 2291 hil
773 2231 909 2312 amplius.
970 2230 1044 2308 557.
1062 2223 1178 2287 aridos

153 2332 302 2411 Calpem.
325 2330 388 2390 Ecl.
404 2331 443 2402 V,
458 2333 499 2408 45
520 2330 583 2414 sqq.
676 2335 818 2415 fragor,
840 2333 937 2416 qualis
955 2330 1041 2410 asper
1057 2344 1089 2390 et
1107 2349 1177 2388 acu·

109 2453 115 2470 “
215 2432 278 2495 356
293 2429 357 2514 sqq·
383 2466 427 2478 -
445 2435 516 2510 564.
541 2433 643 2492 Immi-
686 2451 733 2497 tus
747 2437 902 2517 lignorum
918 2432 1087 2499 aridorum,
1106 2440 1177 2490 cuin

153 2548 265 2597 nentes
278 2535 428 2613 procellas
442 2540 561 2596 nuntiat
583 2536 644 2595 sur-
685 2540 877 2620 franguntur.
932 2536 978 2595 ltn
999 2551 1031 2595 et
1055 2537 1176 2594 Lucret.

152 2637 211 2697 dus
242 2639 318 2696 aeris
352 2652 451 2698 motus
480 2653 511 2697 et
541 2638 645 2721 fragor
685 2641 740 2712 VI,
761 2642 957 2717 115-119,
986 2652 1017 2697 et
1034 2639 1177 2699 Homeri·

115 2760 116 2763 ’
154 2753 236 2800 terro
257 2741 394 2820 marique
409 2740 641 2813 increbrescens,
688 2765 757 2804 cum
778 2728 848 2807 αῧον
873 2733 982 2812 ἄϋσεν,
1004 2739 1136 2800 vtllisri
1150 2760 1177 2810 r,

14 2894 24 2908 ,
132 2861 218 2924 ·quo
235 2843 368 2901 exterriti
382 2841 465 2901 alites
481 2848 590 2907 marini
610 2848 644 2904 in
684 2853 766 2924 441,
803 2860 836 2905 et
869 2839 1045 2927 καρφαλέον
1086 2833 1178 2904 ἄϋσεν

154 2941 237 3007 littus
252 2942 385 3004 euolant.
413 2945 457 3004 Ex
469 2949 553 3006 Arati
568 2947 644 3007 Pro-
685 2948 769 3007 Iliad.
794 2970 819 3019 ν,
843 2953 915 3025 409.
957 2945 1039 3005 coni.
1066 2943 1177 3004 Cerdo.

154 3043 251 3128 gnoll.
286 3065 343 3124 177
372 3044 449 3129 sqq„
479 3050 560 3129 (909
582 3048 642 3130 sq.)
686 3048 785 3110 Effert
798 3063 900 3108 autem
914 3046 996 3107 haud
1007 3046 1114 3127 paullo
1128 3064 1177 3106 or·

134 3147 645 3230 ·quiversusaCiceronetransla·
686 3157 785 3213 narius
807 3153 918 3210 Areten
939 3150 959 3209 l.
980 3150 1002 3208 1.
1034 3150 1093 3212 180
1131 3169 1177 3210 no·

154 3248 429 3311 risuntinlatinos
441 3253 479 3312 de
491 3253 563 3311 Diu.
578 3251 602 3326 1,
613 3272 643 3330 7,
687 3252 786 3339 ρυφαί
821 3274 857 3315 m
891 3245 1041 3333 βοώμεναι
1078 3238 1177 3332 οὔρεος

152 3347 208 3414 ,vbi
232 3349 380 3409 enanis.
403 3352 440 3411 cs.
462 3355 577 3415 Lucan.
600 3354 644 3425 V,
687 3348 785 3438 isuper.
828 3357 900 3434 359.
922 3355 1052 3412 Littera
1067 3350 1177 3428 masce-

154 3451 218 3512 565
232 3448 313 3531 sqq„
336 3454 388 3530 qui
402 3456 436 3512 in
451 3469 517 3514 toto
532 3456 584 3516 illo
599 3455 645 3515 lo·
687 3460 737 3517 ri:
764 3455 904 3517 miscetur
924 3475 959 3513 ac
979 3453 1178 3534 perturbatur

156 3569 194 3618 co
217 3546 352 3610 noslnun
375 3568 445 3615 ente
467 3557 572 3617 oculos
592 3555 644 3620 ha·
684 3580 768 3620 more
792 3559 894 3618 littora
916 3573 946 3617 et
960 3555 1026 3617 sare
1049 3556 1178 3621 alluens,

154 3649 232 3710 buit.
254 3651 392 3718 Aliorum
402 3673 564 3737 poetarum
576 3658 644 3719 loca
686 3661 795 3746 quibus
808 3659 979 3720 alliduntur
998 3658 1126 3729 fluctum
1147 3671 1177 3718 et

155 3749 304 3834 surgentis
349 3757 531 3839 tempestatis
571 3781 645 3819 con·
686 3765 875 3841 resonantia
911 3761 1089 3838 miscentur
1118 3778 1175 3842 pro

153 3851 241 3938 gessit
255 3854 354 3926 Cerdo
377 3856 407 3917 h.
428 3859 448 3926 l,
488 3856 539 3927 Est
562 3866 644 3925 enim
686 3864 812 3948 simplici
828 3865 992 3942 resonant.
1013 3865 1125 3927 Aratus
1138 3860 1176 3922 ib.

154 3961 217 4024 inm
237 3957 311 4018 inde
340 3956 378 4020 ab
402 3961 540 4024 Homero
568 3984 644 4044 poe·
685 3990 713 4030 v.
734 3971 802 4049 178.
823 3990 880 4049 179
913 3960 1030 4050 μακρόν
1059 3963 1109 4030 ἐπ’
1136 3968 1177 4027 nl·

155 4065 222 4126 sicis
262 4064 392 4144 ingeniis
429 4066 559 4131 versatus
597 4067 642 4130 lo-
685 4071 785 4146 erasos
814 4066 975 4152 βοόωντες,
1016 4066 1130 4134 'Aurea'
1151 4061 1178 4130 r'

158 4184 219 4230 cus
240 4164 402 4252 Virgilium
415 4167 551 4256 sequitur
563 4171 643 4237 Plin.
684 4170 824 4250 soiitos,
854 4166 936 4240 ὁπότ’
959 4168 1046 4239 eisin
1069 4163 1176 4256 ἤχῆεσ·
