2692 4914
290 298 639 399 ononorcon
668 300 767 372 um.
787 301 860 389 111,
877 298 1038 396 30-37
1117 294 1217 397 '549

189 484 349 560 Stabunt
374 503 413 558 et
435 488 533 557 Parii
557 483 716 584 lapides,
763 484 933 586 spirantia
956 484 1064 587 ligna,

186 618 348 694 Affaraci
367 622 509 719 proles,
546 617 796 719 demillaeque
816 620 862 693 ab
882 625 976 695 Ioue
996 623 1114 720 gentis
1165 617 1215 692 35

183 758 364 846 Nomina,
403 758 577 855 Trosque
607 778 758 853 parens,
802 772 839 828 et
866 757 1005 829 Troiae
1035 751 1215 847 Cynthius

688 923 691 930 ·
803 906 945 962 auctor.
1005 847 1017 877 ⁹

180 1021 328 1094 Inuidia
361 1017 491 1094 infelix
529 1022 654 1094 Furias
689 1046 914 1122 amnemque
945 1020 1114 1096 seuerum
1193 1037 1210 1077 ἃ

253 1207 286 1272 34
304 1207 341 1257 Et
349 1203 472 1274 stabunt
487 1205 572 1257 Acron
592 1202 625 1255 ati
646 1202 908 1275 Horat0d;1,19,
939 1200 1102 1276 sedCruqu.
1125 1202 1213 1275 vulga·
1281 1254 1284 1259 .

181 1299 250 1343 tum.
286 1290 393 1360 lapidis
412 1305 537 1361 quatuor,
566 1305 591 1341 er
610 1287 646 1341 fic
661 1287 720 1340 edd.
739 1288 891 1342 nonnullae.
927 1289 980 1342 Sed
1002 1289 1112 1343 alterurn
1131 1304 1212 1360 poeta

180 1374 296 1444 dignius.
376 1376 409 1428 35
428 1373 555 1446 dtmtffae
576 1371 691 1445 aliquot:
729 1375 792 1426 item
813 1373 857 1427 alii
876 1394 896 1428 a
912 1375 991 1429 Inue.
1039 1389 1136 1449 gentes
1152 1375 1212 1429 Ms-

180 1478 244 1531 nag.
265 1459 310 1512 alt.
378 1460 504 1530 37—39
520 1458 853 1514 AberantabrnoMead.
881 1469 886 1474 ·

181 1635 335 1695 tuendum
349 1630 392 1693 est
408 1631 554 1706 alterum,
581 1632 680 1693 Geor·
720 1631 771 1696 35.
787 1635 898 1693 Gentis
913 1628 1009 1693 lullae
1032 1635 1212 1716 progenito·

181 1741 258 1820 giris
279 1736 428 1797 nonnulla
450 1734 542 1795 serius
567 1735 678 1795 inserta
719 1756 767 1794 res
774 1778 784 1807 ,
826 1751 859 1794 vt
892 1735 983 1817 vulgo
1019 1733 1208 1807 ferebantur,

179 1836 254 1900 elle.
296 1839 407 1920 Neque
433 1835 493 1896 hoc
516 1836 678 1896 absurdum
720 1835 810 1896 ducta
832 1835 870 1896 ab
887 1836 967 1908 Iulo,
991 1833 1054 1896 fiue
1069 1835 1209 1908 Assume,

179 1938 243 2002 elle
260 1941 367 2000 dicam.
417 1954 555 2019 tropaea
576 1955 675 2021 rapta
718 1941 844 1999 Aeneae
878 1937 960 2011 filio,
1003 1941 1131 2018 origine.
1181 1937 1210 2003 Α,

177 2062 300 2110 manu,
339 2045 462 2123 poetica
485 2045 605 2102 ratione
635 2042 674 2102 de
715 2040 797 2101 louis
819 2055 851 2101 et
871 2041 1011 2101 Electrae
1041 2037 1107 2098 filio.
1126 2038 1207 2097 Dar-

176 2147 307 2204 victoria
326 2158 498 2225 reportata3
526 2140 674 2204 fitameu
715 2143 798 2204 dano
838 2139 1076 2214 Erichthonius,
1121 2143 1206 2200 cuius

175 2250 212 2306 in
225 2261 325 2327 rapta
339 2246 540 2330 argutandum
555 2244 601 2317 lit,
624 2266 673 2305 ce·
714 2243 791 2306 lilius
823 2246 903 2304 Tros
920 2245 1015 2318 Ilum,
1051 2243 1208 2327 Ganyme·
1274 2265 1283 2286 ·
1328 2324 1330 2328 Ι

174 2349 329 2408 laritatem
362 2351 506 2408 victoriae
545 2351 673 2427 exprimi
715 2345 778 2405 den
806 2362 837 2406 et
863 2347 1062 2429 Affaracnm
1088 2350 1207 2429 genuit,

176 2450 260 2535 dicas
282 2470 351 2509 cum
373 2448 573 2532 Philargyrio.
624 2447 673 2508 dt>-
713 2448 774 2509 vid.
798 2449 925 2509 Homer.
945 2449 1032 2509 Iliad.
1047 2473 1076 2522 v,
1092 2446 1205 2531 arSsq.

174 2551 273 2626 verso
298 2571 340 2608 ex
360 2549 459 2627 hoste,
491 2555 525 2610 in
546 2549 669 2610 diuerfis
714 2549 758 2607 Ex
782 2549 828 2609 Ilo
850 2552 1050 2624 Laomedon,
1083 2572 1121 2611 ex
1143 2548 1205 2611 hoc

172 2667 328 2713 terrarum
348 2652 494 2733 partibus.
552 2651 670 2711 Sindi.
711 2651 856 2712 Priamus.
900 2655 954 2711 Ex
969 2651 1131 2732 Affaraco
1145 2653 1208 2713 ea·

170 2755 287 2830 versos
308 2754 416 2812 Celtas
437 2755 572 2834 appellat
592 2756 670 2813 Gra·
707 2772 786 2832 pyr,
820 2774 857 2812 ex
879 2752 940 2815 hoc
953 2754 1132 2830 Anchises,
1166 2776 1204 2815 ex

169 2860 234 2917 tius
258 2856 373 2939 Cyneg.
401 2859 476 2929 156,
511 2878 578 2915 cum
600 2858 669 2917 Me·
711 2853 926 2942 hocAeneos.
959 2857 1057 2916 Porro
1069 2854 1203 2933 Apollo,

171 2957 249 3018 dum
267 2958 362 3018 modo
383 2955 576 3018 nominallet.
618 2961 671 3020 Α]-
711 2958 825 3017 Troiae
842 2958 995 3030 conditor,
1017 2955 1202 3038 adiungitur,

169 3075 221 3120 ter
236 3058 334 3119 versus
351 3060 486 3119 eiusdem
502 3060 669 3123 sententiae
712 3063 784 3142 quia
805 3063 847 3132 is,
879 3073 1036 3140 tamquam
1059 3059 1134 3119 deus
1156 3074 1205 3119 tu·

169 3181 259 3223 noua
283 3159 325 3221 est
345 3167 521 3221 exornatio:
555 3179 670 3241 gentes
711 3162 830 3235 telaria,
857 3164 996 3241 inprimis
1017 3181 1130 3244 magna
1155 3183 1204 3223 re·

169 3278 315 3344 veroque
336 3262 532 3332 oblittera,
565 3264 594 3324 h.
617 3288 669 3326 ex·
709 3264 826 3346 ligione
853 3261 891 3322 ab
918 3259 1053 3344 Augusto
1083 3262 1204 3325 coleba-

169 3369 264 3425 tremi
279 3367 414 3425 Orientis
434 3382 466 3426 et
481 3367 668 3443 Occidentis,
712 3381 778 3439 tur,
813 3386 906 3447 quern
939 3364 1019 3425 adeo
1051 3366 1202 3448 Apollinis

170 3467 225 3526 bis
242 3468 470 3547 triumphatas,
499 3470 537 3529 de
559 3469 669 3552 quibus
710 3467 805 3526 lilium
818 3468 925 3550 vulgus
937 3465 1065 3530 ferebat.
1084 3489 1114 3529 v.
1128 3469 1204 3532 Sue·

168 3567 241 3628 bini
276 3571 420 3652 triumphi
464 3570 559 3632 habiti
600 3571 669 3632 sunt
712 3584 778 3629 ton.
794 3569 872 3651 Aug.
893 3549 984 3653 cred.

168 3671 254 3748 (non
266 3672 382 3752 vulgari
400 3674 450 3733 vsu
458 3716 468 3747 ,
490 3689 523 3732 vt
537 3673 583 3733 bis
598 3695 668 3735 eae-
752 3675 804 3752 57.
817 3673 921 3731 Altera
936 3692 972 3730 ex
987 3685 1075 3753 parte
1092 3676 1126 3732 in
1139 3671 1200 3735 hoc

136 3772 243 3833 -dern
259 3789 371 3855 gentes
394 3780 491 3836 victae
511 3773 597 3856 fint);
633 3776 663 3836 h.
709 3774 824 3855 templo
852 3771 971 3856 lignum
989 3790 1126 3855 ponetur
1146 3776 1199 3837 In-

160 3888 270 3936 totum
296 3890 445 3937 terrarum
473 3863 582 3940 orbern¹
603 3883 664 3939 vic·
705 3875 823 3948 vidiae,
868 3874 920 3936 sed
950 3873 1130 3958 [debellatae
1166 3891 1200 3938 et

128 3994 234 4039 ³tum
256 3976 295 4037 ab
307 3976 454 4061 Augusto.
706 3978 745 4037 ad
780 3978 941 4039 Tartarum
986 3978 1198 4059 proturbatae.

206 4082 262 4157 34.
272 4079 445 4161 spirantia
457 4103 550 4157 aera,
570 4084 685 4142 vinos·
705 4079 872 4161 splendide
897 4096 1000 4141 autem
1020 4083 1125 4140 omnia
1145 4098 1196 4137 ex·

152 4183 296 4259 vuum,
329 4186 407 4245 Aen.
432 4186 486 4262 Vl,
503 4188 574 4264 848.
590 4188 662 4266 849.
681 4208 685 4216 ·
706 4186 836 4244 ornauit.
879 4183 1000 4243 Scilicet
1017 4179 1099 4240 bella
1121 4182 1196 4238 cini·
