2692 4914
284 346 297 357 1·
327 321 621 397 uvcomcs
644 289 828 398 icux'
1026 347 1096 396 211

44 510 158 591 solae
169 530 244 571 non
257 507 430 592 adfuerint
449 508 548 572 Gallo
561 511 685 571 amoris
698 509 785 568 curis
798 503 947 587 confecto
960 507 1102 569 8-12:

53 640 140 678 cnm
164 633 283 678 tamen
300 619 424 677 amoris
439 631 473 676 et
495 617 712 696 miserationis
733 613 888 695 affectum
913 610 1049 690 testatae
1069 617 1103 676 ei

52 723 123 795 sint
145 725 244 807 ipsae
261 726 469 785 inanimatae
497 743 569 792 res,
607 723 742 782 arbores
765 736 798 780 et
808 720 918 795 sana,
947 723 1103 790 13—15‚·

55 848 133 892 tinn
154 851 279 910 greges
301 850 376 890 cum
391 827 577 912 palloribus
595 832 740 891 16-20.
782 824 965 902 Miserandi
977 841 1010 886 et
1024 848 1102 887 con·

45 936 202 1015 solandi
223 937 336 1018 cauffo
354 936 516 1017 acceffere
539 933 598 1016 ipfi
617 933 688 994 dii:
714 933 837 1015 Apollo
855 936 1012 1004 21-25,·
1041 934 1102 994 Sil·

55 1064 178 1103 mus
193 1052 246 1121 ²4·
260 1047 323 1128 355
361 1042 436 1104 Pan
451 1044 601 1105 26-30.
650 1042 728 1101 Tum
748 1040 883 1108 Gallus,
900 1042 936 1098 in
955 1040 1102 1100 lamenta

57 1164 96 1208 et
117 1146 256 1231 quillus
276 1168 468 1230 erumpens,
492 1148 595 1223 snam
609 1148 739 1224 sortem
761 1163 795 1207 et
811 1147 989 1227 infaustum
1009 1169 1101 1207 arno-

57 1275 135 1313 rem
149 1258 386 1336 conqueriturs
404 1252 503 1313 malle
510 1254 554 1329 se
562 1253 703 1336 pesteris
718 1257 825 1313 vitam
838 1273 939 1331 agere
953 1257 1102 1333 51—43.

55 1362 167 1422 Nunc
192 1361 232 1418 in
250 1359 364 1445 ,castris
387 1338 515 1439 versari
534 1363 677 1420 amicam
705 1363 741 1420 in
763 1360 892 1422 Gallias
914 1355 1102 1442 profectam

57 1476 105 1545 44
120 1473 238 1544 -49.
278 1464 429 1537 ,Videtur
457 1479 569 1526 tamen
596 1469 652 1525 vel
670 1465 722 1541 stc
738 1465 807 1541 sibi
833 1482 966 1546 repente
988 1471 1025 1528 in
1044 1490 1102 1530 rus

60 1571 228 1651 migraffe
246 1571 377 1635 ettaliis
391 1574 478 1631 eteris
496 1575 620 1631 amoris
634 1587 799 1632 tormenta
815 1573 928 1631 leuare
944 1555 1110 1646 50-61.·'

48 1677 123 1757 sed
145 1678 275 1736 amoris
295 1696 373 1737 mox
397 1678 605 1759 impatientia
633 1681 740 1737 victus
762 1678 855 1737 nulla
878 1654 957 1737 inde
972 1683 1103 1759 solatia

62 1797 230 1861 expectat
243 1784 395 1862 62-69·
435 1782 666 1845 Praemittitur
681 1783 853 1843 exordium
868 1800 1007 1866 poetae,
1029 1809 1104 1849 oum

63 1891 224 1970 epilogo,
258 1908 324 1970 quo
333 1887 539 1967 fingitlarem
555 1888 647 1949 Galli
667 1898 812 1951 amorem
833 1889 983 1967 testatum
996 1895 1100 1974 facit.

62 1995 183 2056 Habet
203 1993 269 2052 hcc
292 2015 426 2053 carmen
445 1996 565 2053 miram
587 2009 694 2055 artem
711 2017 753 2057 ac
769 1997 994 2074 suauitatem
1031 2004 1102 2083 pri·

65 2123 159 2162 mum
180 2104 220 2161 in
240 2121 297 2169 eo,
326 2098 418 2183 quod
439 2101 567 2174 omnia,
601 2099 650 2160 ad
664 2104 822 2162 maiorem
848 2103 940 2164 Galli
958 2104 1102 2186 dignita·

67 2224 158 2281 tem,
186 2227 255 2265 non
269 2205 369 2265 modo
383 2204 431 2265 ad
448 2209 553 2266 vitam
571 2205 795 2287 pastoritiam,
810 2209 880 2288 sed
892 2211 941 2271 ad
953 2228 1103 2296 tempora

67 2316 225 2386 heroica,
266 2315 304 2371 in
332 2311 449 2394 quibus
473 2311 621 2394 permisti
644 2316 836 2376 mortalibus
862 2316 912 2377 dii
939 2323 1101 2396 viuerent,

67 2421 181 2479 relata
201 2434 235 2477 et
255 2439 297 2477 ex
306 2416 456 2497 sensibus
472 2435 505 2478 et
523 2421 730 2499 opinionibus
743 2419 877 2498 i‘slorum
887 2424 1103 2501 saeculorum

66 2525 274 2586 adumbrata
284 2524 387 2602 sunt,-
422 2546 525 2608 quare
547 2528 647 2585 etiarn
658 2527 757 2606 serre
778 2527 951 2600 debemus,
968 2531 1104 2613 fiqrtae

63 2633 184 2713 paullo
210 2632 333 2690 altiore
361 2652 404 2690 ac
431 2634 589 2710 grauiore
604 2634 730 2715 spiritu
756 2634 812 2693 hic
840 2635 931 2695 diota
959 2643 1104 2719 reperia-

68 2761 141 2798 mus
148 2761 163 2808 ,⁰
206 2736 328 2798 deinde
348 2759 427 2797 vero
449 2740 607 2821 qitoniam
628 2742 817 2821 impotentis
835 2757 868 2799 et
881 2743 992 2820 spreti
1010 2765 1101 2804 amo·

68 2850 113 2905 ris
134 2866 179 2904 ae
192 2860 242 2902 tus
264 2846 321 2903 ille
341 2865 382 2903 ac
396 2844 517 2923 furor,
555 2848 591 2903 t'n
614 2867 725 2904 omnes
743 2861 859 2927 partes
877 2850 1025 2908 animum
1048 2870 1102 2909 ra·

65 2957 180 3033 piens,
231 2951 336 3033 ipsum
362 2952 498 3030 legentis
531 2955 680 3011 animum
713 2973 918 3012 commonere
947 2954 1101 3026 videtur,-

68 3079 273 3141 quamquam
308 3057 372 3116 hac
403 3061 439 3116 in
469 3075 568 3140 parte
598 3059 762 3118 Theocriti
791 3056 936 3135 vestigiis
971 3058 1103 3136 institit,

69 3166 207 3243 ldytlJ,
233 3162 341 3231 vnde,
362 3185 447 3246 quae
466 3163 509 3223 de
522 3163 703 3246 Daphnide
720 3162 812 3223 dicta
834 3180 948 3232 erant,
969 3168 1005 3224 in
1024 3168 1104 3229 Got-

69 3273 139 3330 lam
162 3270 351 3343 transtulit,
385 3285 422 3329 vt
444 3272 549 3330 multa
569 3287 698 3331 tantum
724 3271 837 3331 latinis
856 3272 965 3331 verhis
993 3275 1104 3336 reddi·

70 3377 173 3450 derit,
202 3380 239 3434 in
261 3377 338 3435 aliis
356 3393 468 3436 autem
489 3400 563 3437 cum
586 3399 624 3437 eo
638 3381 817 3437 certauerit
824 3402 837 3447 ,·
855 3381 1006 3458 uniuerse
1021 3404 1102 3443 vero

70 3507 92 3543 a
105 3484 324 3561 simplicitate
345 3499 377 3542 et
396 3481 565 3560 venustate
587 3483 754 3566 pastoricii
776 3487 931 3546 carminis
950 3502 983 3547 et
1003 3490 1106 3551 Thea·

72 3595 177 3649 critea
195 3590 374 3666 suauitate
394 3593 430 3650 in
451 3592 618 3672 plerisque
639 3595 811 3676 recefferit.

157 3700 229 3756 Iam
253 3694 296 3755 dc
316 3697 467 3780 Lycoride
489 3696 620 3757 addunt
639 3703 838 3780 Interpretes
862 3700 976 3760 Seruio
999 3700 1105 3764 duce:

64 3802 169 3883 suiffe
188 3805 259 3860 eius
279 3824 395 3861 verum
415 3824 535 3863 nomen
552 3803 769 3886 Cytheridem,
799 3820 831 3864 et
845 3806 908 3886 effe
929 3828 1001 3866 eam
1015 3830 1105 3869 eam·

74 3908 150 3967 dem
176 3930 252 3967 cum
278 3909 423 3970 Antonii
455 3913 565 3968 amica
591 3911 670 3979 illo,
710 3915 829 3979 mima,
861 3930 912 3972 'ex
940 3915 1105 3976 Ciceronis

71 4015 214 4094 Philipp.
229 4017 275 4083 11,
291 4023 340 4094 24.
357 4020 416 4090 25,
435 4015 484 4075 ad
497 4015 570 4079 Au.
587 4019 629 4089 X,
649 4039 685 4077 10
698 4033 731 4077 et
750 4017 876 4091 16‚¹ad
887 4021 965 4082 Diu.
977 4024 1036 4095 IX,
1054 4024 1104 4084 ²6.

69 4123 113 4200 cf.
138 4121 310 4181 Plutarch.
334 4123 416 4184 Vita
429 4124 573 4185 Antonii
591 4145 625 4206 p.
643 4132 684 4203 74
711 4125 761 4185 erl.
778 4129 889 4186 Brinn.
905 4120 998 4188 Ptin)
1009 4127 1101 4201 VIII,

75 4230 114 4290 16
152 4227 293 4308 infami,
335 4235 427 4293 cuius
448 4254 568 4294 nornen
587 4253 703 4292 veriam
723 4232 798 4315 fuit
818 4233 1003 4305 Volumnia,
1025 4250 1105 4311 quo·
