2700 4906
295 347 373 422 DE
408 347 672 421 CARMINE
710 347 1007 425 ovcoulco
1119 347 1172 426 23
1220 402 1224 411 ·

355 534 479 602 Dicunt
499 536 533 593 in
556 548 663 594 tenero
688 537 825 616 gremino
846 537 1007 618 pinguium
1090 571 1093 576 -
1144 566 1159 585 ι

262 630 415 696 Custodes
435 638 544 696 ouium
567 640 720 706 carmine,
748 633 845 695 fistula

261 733 452 799 Delectante
475 737 585 809 deum,
618 741 667 797 cui
686 758 781 818 pecus
803 752 835 797 et
855 739 937 820 nigri
1109 731 1117 774 Ν
1207 755 1209 758 ⁴

359 839 464 900 Colles
488 838 635 900 Arcadiae
659 840 834 920 placent.*)

148 981 273 1084 Potest
302 991 337 1060 is
359 988 468 1059 locus
495 986 696 1058 interdum
716 989 821 1059 adeo
844 985 995 1076 duplex
1018 978 1103 1082 effe,
1128 997 1173 1054 vt

148 1126 230 1192 etis
254 1119 499 1222 dffignetur,
538 1122 682 1219 inquo
702 1116 841 1221 pastor
864 1137 1015 1199 contet,
1054 1135 1093 1189 et
1115 1114 1175 1188 nl·

146 1270 214 1333 ter,
239 1260 285 1328 in
305 1282 385 1356 quo
410 1281 470 1327 res
493 1274 807 1327 commemorata
827 1252 939 1357 gestu
954 1253 1033 1350 flt3
1063 1268 1109 1324 vt
1130 1256 1174 1323 in

147 1388 298 1491 Ecloga
340 1390 500 1485 decimu
537 1413 566 1460 a
610 1387 782 1494 Virgilio
816 1389 982 1488 factum
1020 1382 1212 1460 videbit

147 1547 233 1595 rurs.

152 1779 156 1785 -
239 1718 442 1825 Superest,
476 1738 522 1797 ut
549 1725 750 1796 nonnulla
776 1724 1035 1801 adiiciamus,
1073 1746 1179 1821 quae
1259 1794 1261 1799 .

147 1858 199 1931 od
216 1858 442 1956 Virgflianas
468 1855 627 1957 Eclogas
654 1863 819 1958 propius
834 1855 1032 1955 spectant.
1089 1857 1181 1928 Iam

143 1997 316 2092 primum
342 1988 416 2086 nisi
442 1989 530 2063 alia
556 1990 690 2090 effmt,
732 1987 872 2093 quibus
893 1992 1015 2062 Maro
1043 1986 1181 2088 magni

144 2146 285 2226 poetae
307 2151 456 2199 nomen
482 2125 737 2226 consequutus
761 2121 827 2223 eli,
859 2122 964 2221 solis
985 2122 1182 2199 Bucolicis

128 2245 291 2335 'relictis
322 2263 399 2331 uix
431 2284 524 2331 eum
555 2263 600 2330 in
637 2257 795 2356 censum
826 2261 1053 2358 principum
1087 2284 1183 2359 poe·

152 2413 281 2468 tarum
300 2411 517 2471 uenturum
529 2389 652 2491 fuiffe
671 2392 855 2466 arbitror.
898 2393 1055 2493 Ingenii
1078 2397 1186 2466 enim

154 2534 192 2602 iu
218 2529 465 2600 inueniendo
503 2530 577 2613 via
606 2554 799 2629 magnam
838 2525 958 2600 hebet
996 2526 1186 2613 laudem3

156 2669 404 2766 Argumenta
424 2665 669 2741 carminum,
702 2667 763 2734 oti
787 2661 929 2763 paullo
962 2681 1058 2735 ante
1080 2664 1186 2738 oidi-

156 2828 254 2882 mus,
295 2798 387 2873 alia
404 2795 505 2893 sunt
536 2823 588 2869 ec
615 2798 821 2869 Theocrito
851 2813 1038 2869 mutuata
1063 2813 1102 2867 et
1127 2800 1186 2868 in-

157 2939 311 3009 terdum
333 2936 466 3004 ieiune
484 2929 589 3028 satis
607 2932 818 3009 traducta,
854 2946 930 3001 aut
961 2956 984 3000 e
1007 2926 1189 3029 pluribus

158 3070 396 3168 idylliorum
434 3066 531 3136 locis
565 3081 872 3165 coagmentata,
914 3081 960 3135 ‘ut
999 3067 1119 3135 tertia
1151 3078 1190 3135 et

150 3206 324 3304 septima
358 3190 537 3301 Ecloga3
585 3199 673 3273 alia
705 3226 788 3272 non
832 3198 1038 3271 bucolicae
1073 3211 1190 3270 erant

161 3359 345 3416 naturae,
363 3333 443 3432 sed
468 3348 626 3406 tantum
658 3337 716 3406 ad
740 3333 1009 3407 bucolicorum
1040 3355 1193 3403 morem

157 3473 245 3570 sunt
269 3485 465 3547 tractata,
489 3485 534 3540 vt
550 3473 700 3566 prima,
723 3487 882 3569 quarta,
902 3468 1037 3567 sextu,
1062 3492 1190 3546 nona,

167 3609 334 3679 decima.
385 3604 610 3676 Sententiae
635 3620 770 3676 autem
794 3621 833 3676 et
853 3601 977 3675 verba
998 3625 1193 3702 magnum

169 3757 318 3837 portem
339 3763 393 3809 ex
417 3737 625 3811 Theocrito
639 3735 739 3834 sunt
759 3736 967 3834 conuersa3
992 3737 1082 3810 alia
1095 3734 1195 3833 sunt

175 3901 197 3944 o
235 3872 409 3945 bucolici
450 3875 637 3944 carminis
678 3887 828 3945 notura
872 3872 1019 3947 aliena.
1100 3873 1195 3972 Quis

103 4045 105 4049 ·
179 4005 361 4103 pastorem
372 4005 496 4106 ferat
518 3986 798 4082 decantantem
814 4005 912 4082 illa:
950 4009 1048 4085 Ante
1073 4027 1197 4108 perer·

213 4185 233 4247 ⁸)
247 4188 335 4246 Hom
349 4189 446 4248 Cum.
458 4186 507 4253 IV,
523 4203 562 4253 ια,
576 4204 603 4260 9„
