2692 4914
193 298 543 373 GEORGICON
575 299 677 370 LIB.
701 301 729 389 1,
748 302 962 397 209-213
1028 302 1104 381 525

65 493 148 562 Nec
170 511 249 558 nou
270 502 307 558 et
331 483 399 556 lini
420 482 582 583 segetem
600 504 639 560 et
664 484 819 559 Cereale
848 512 1013 588 papauer

65 626 233 721 Tempus
255 618 372 693 humo
393 637 537 719 tegere3
582 637 621 694 et
648 618 868 699 iamdudum
887 624 1105 702 incumbere

690 745 838 817 aratris:

135 927 186 980 213
204 921 302 996 nstris
322 924 350 976 in
371 924 494 977 Romano
516 941 543 978 et
563 924 651 979 multis
673 943 716 998 ap.
735 924 824 979 Heius.
850 941 877 980 et
895 924 1009 977 Pieriam
1031 942 1056 979 et
1075 926 1104 981 in

68 1029 177 1083 utroque
198 1010 282 1063 Gotb.
331 1009 375 1061 Sic
394 1028 499 1081 quoque
522 1026 634 1082 quatuor
655 1011 725 1084 apud
745 1011 907 1071 Martinum,
943 1012 987 1083 qui
1006 1013 1041 1064 ita
1061 1030 1105 1070 et.-

67 1099 146 1171 primi
176 1097 276 1149 curauit
295 1113 355 1146 cum
385 1095 519 1147 Bruucltio
546 1112 572 1148 et
593 1095 742 1150 Wakefield
770 1099 859 1152 saed.
882 1098 935 1151 a'ut.
954 1113 980 1150 et
1004 1097 1107 1170 placere

66 1181 175 1256 possunt
193 1179 294 1251 rastri,
316 1180 377 1252 quia
400 1179 432 1231 de
451 1180 505 1231 lini
519 1195 544 1233 et
561 1188 716 1250 papaueris
737 1181 837 1235 latione
859 1183 942 1252 agitur
957 1182 1009 1234 iam
1027 1185 1104 1245 lacta,

67 1271 111 1322 cui
132 1266 245 1320 succedit
265 1264 381 1318 laetitio:
410 1280 436 1318 at
455 1266 537 1318 aratio
557 1264 734 1338 praecesserat.
776 1266 931 1320 Insolentius
949 1265 985 1320 fic
1003 1266 1106 1322 dictum

65 1355 150 1407 videri
173 1351 256 1425 pollet
275 1349 436 1402 incumbere
457 1349 571 1419 nastris:
595 1350 691 1405 ‘liceret
712 1369 800 1406 tamen
818 1354 933 1424 cogitare
955 1352 989 1406 de
1008 1350 1107 1425 rastris

67 1449 169 1509 iniquo
191 1435 336 1508 pondere.-
364 1454 387 1487 v.
406 1438 462 1502 164.
505 1434 558 1488 sed
576 1436 660 1490 versus
676 1437 782 1510 sequeus
802 1437 915 1492 declarat
934 1436 1009 1501 satis,
1043 1458 1107 1509 poe·

68 1542 125 1581 ram
146 1537 313 1594 praeceptum
334 1520 367 1573 de
389 1522 505 1573 aratione
531 1520 684 1594 tempestiue
710 1521 828 1575 facienda
847 1521 994 1577 summatim
1014 1525 1108 1578 iterate

69 1606 202 1664 maluisse:
244 1607 336 1659 eadem
354 1621 442 1659 autern
464 1625 513 1658 nec
538 1609 625 1660 minus
646 1625 706 1678 ager
724 1606 779 1660 lino
802 1605 974 1660 conserendus
996 1608 1104 1679 indiget.
1168 1624 1172 1633 '

70 1703 156 1749 ratris
175 1690 284 1746 Mentel.
305 1709 369 1744 am.
384 1704 439 1763 pr.'
461 1689 545 1743 humo
561 1690 601 1762 est
622 1708 716 1762 tegere
729 1691 831 1745 Zulich.
868 1708 895 1746 et
916 1691 1023 1746 dudum
1034 1692 1107 1747 idota

70 1800 132 1836 curu
146 1780 242 1834 Moret.

69 1957 166 2018 vsque
183 1935 222 1994 ad
236 1931 373 2016 brumale
384 1931 489 2016 frigus,
505 1932 565 1993 dici
607 1932 727 1993 Verum
773 1932 933 2015 scriptores
987 1932 1107 1994 laudati

67 2034 189 2120 potest,
233 2057 328 2118 vsque
352 2036 390 2095 ad
411 2035 565 2097 brumales
608 2035 767 2109 brumam,
793 2033 948 2096 solstitium
962 2032 1105 2110 hiemale,

68 2137 193 2200 imbres.
214 2137 260 2196 Ita
274 2159 340 2199 non
354 2155 461 2220 peccat
475 2140 566 2198 Maro
611 2138 719 2199 diserte
736 2151 920 2198 memorant.
964 2136 1014 2197 De
1029 2136 1107 2197 lior·

68 2247 106 2302 in
132 2255 333 2322 praeceptum
365 2241 568 2323 agricolarum
611 2241 673 2301 deo
707 2240 776 2322 poll
808 2241 1038 2321 aequinoctium
1061 2238 1107 2301 se·

71 2343 263 2425 ap.PIIuium
270 2343 385 2410 XVIII,
395 2343 413 2402 s.
423 2345 464 2405 56
478 2346 571 2401 Inter
611 2345 711 2405 rendo
726 2339 860 2422 expresse
877 2355 1009 2423 mouent
1024 2342 1107 2405 Geo-

72 2467 185 2506 omnes
200 2460 312 2504 aretem
327 2447 493 2513 conuenit,
507 2447 569 2504 εἰν·
610 2467 685 2527 pon.
700 2444 741 2518 11,
761 2452 810 2523 14,
826 2446 856 2506 3.
878 2445 957 2504 Plin.
983 2443 1106 2506 Colum.

71 2570 116 2608 ca
128 2547 277 2606 brumam
295 2545 479 2624 serendum
501 2568 568 2605 non
610 2548 630 2607 l.
645 2569 670 2607 c.
711 2546 845 2607 Desino
862 2567 889 2605 v.
906 2565 966 2606 212
988 2530 1107 2610 diuersa

72 2650 156 2732 effe.
177 2649 296 2730 dequo
319 2648 356 2707 cs.
378 2647 515 2708 Dicltsou
530 2649 568 2707 T.
610 2650 692 2708 idem
702 2650 827 2721 Plinius,
844 2652 935 2709 etiam
945 2648 984 2708 de
991 2649 1108 2709 Trans·

71 2754 114 2826 11,
127 2775 159 2833 p.
178 2751 283 2832 175sq.
303 2751 424 2811 Colum.
440 2751 513 2829 II,9
536 2767 567 2812 et
612 2753 758 2832 padanis,
803 2749 894 2808 tradit
920 2749 1034 2821 XVIII,
1055 2753 1107 2813 56.

73 2855 115 2915 al.
131 2854 229 2913 Varro
242 2855 266 2928 I,
284 2856 334 2931 34.
357 2854 435 2913 Plin.
451 2851 566 2926 XVIII,
609 2853 778 2913 Decembri
805 2851 909 2911 mense
935 2850 1033 2910 linum
1063 2850 1109 2911 se·

77 2978 128 3027 10,
158 2959 184 3032 §.
208 2977 234 3015 1.
299 2962 350 3032 24,
371 2954 391 3015 s.
415 2957 457 3017 56
485 2958 567 3034 inpr.
609 2976 678 3015 rere
700 2954 786 3014 iubet
809 2951 978 3014 Columella
996 2952 1036 3025 11,
1057 2974 1107 3028 to,

75 3060 222 3137 Geopon.
244 3057 284 3129 II,
304 3066 343 3134 14
376 3055 448 3115 hinc
468 3052 568 3115 mellis
615 3077 661 3137 17.
702 3076 854 3137 papauer
870 3053 1013 3127 Cereale,
1034 3059 1107 3138 quia
1180 3076 1183 3082 ·

73 3163 248 3222 necminus
267 3162 422 3219 maturior.
456 3159 487 3216 Si
503 3178 569 3217 ver·
612 3160 732 3218 Cereris
749 3171 964 3217 ornamentum
986 3154 1110 3239 symbo-

72 3264 121 3326 sus
149 3267 183 3323 in
212 3276 307 3343 poeta
330 3262 405 3321 alius
433 3264 568 3343 regionis
610 3262 703 3321 licum
718 3257 777 3320 elle
791 3258 883 3334 solet,
914 3255 1052 3341 infiguis
1076 3271 1110 3321 et

74 3387 112 3426 ac
134 3364 210 3424 caeli
234 3378 423 3438 occurreret,
471 3361 570 3444 pollet
613 3362 697 3443 apud
729 3376 847 3442 poetas.
920 3361 1111 3422 incumbere

74 3468 145 3529 sane
168 3465 209 3526 lic
246 3470 361 3547 accipi,
404 3481 438 3525 vt
462 3465 571 3526 bruma
612 3467 756 3524 aratris:
820 3465 950 3524 omnino
985 3480 1110 3527 mature

75 3573 206 3631 omuino
234 3566 270 3628 stt
307 3584 427 3648 tempus
471 3566 571 3628 hiber·
614 3567 763 3628 arandum
780 3562 839 3626 elle
855 3570 1022 3648 praecipit,
1053 3565 1108 3629 etsi

74 3692 171 3738 num,
200 3674 283 3730 cuius
306 3690 375 3750 pars
398 3673 484 3750 prlor
503 3671 571 3750 plu·
592 3721 593 3724 ,
613 3675 706 3730 etiam
736 3669 774 3728 ad
804 3669 859 3728 lini
886 3684 917 3728 et
943 3672 1108 3750 papaueris

75 3772 157 3834 vlosa
170 3770 216 3845 Iit,
231 3792 322 3854 quam
335 3776 389 3831 nix
403 3788 435 3831 et
448 3773 569 3855 glacies,
612 3771 760 3831 sationem
788 3788 868 3831 terra
890 3787 1000 3830 aratur.
1048 3791 1111 3829 nrt·

76 3891 233 3958 tamquam
250 3874 343 3932 altera
359 3894 429 3954 pars
451 3878 572 3954 excipe·
614 3872 682 3931 bila
712 3871 876 3952 pendent,
912 3872 1110 3954 elegantere

75 3994 142 4057 ret;
179 3974 239 4037 elle
257 3976 336 4036 adeo
356 3975 507 4038 hordeum
528 3975 572 4037 se·
613 3991 721 4036 natura
735 3978 799 4049 rei,
821 3972 953 4035 nubibus
968 3973 1110 4034 nondum

75 4081 208 4158 rendum
232 4099 327 4160 vsque
354 4079 394 4138 ad
421 4095 572 4140 extremos
615 4083 648 4138 in
676 4075 788 4136 imbres
816 4077 927 4138 solutis.
992 4075 1111 4135 Luudm

76 4181 190 4242 imbres
208 4196 281 4243 aute
301 4181 396 4263 frigus
416 4185 572 4264 ingruens.
615 4179 733 4240 versum
749 4179 870 4239 Colum.
885 4178 925 4250 Il,
941 4178 972 4244 8,
987 4177 1017 4239 3.
1099 4258 1106 4271 ι
