<?xml version="1.0" encoding="UTF-8"?>
<!DOCTYPE html PUBLIC "-//W3C//DTD XHTML 1.0 Transitional//EN"
    "http://www.w3.org/TR/xhtml1/DTD/xhtml1-transitional.dtd">
<html xmlns="http://www.w3.org/1999/xhtml" xml:lang="en" lang="en">
 <head>
  <title>
</title>
<meta http-equiv="Content-Type" content="text/html;charset=utf-8" />
  <meta name='ocr-system' content='tesseract 3.04.00' />
  <meta name='ocr-capabilities' content='ocr_page ocr_carea ocr_par ocr_line ocrx_word'/>
</head>
<body>
  <div class='ocr_page' id='page_1' title='image "./pvirgilivsmarov00virggoog_0751.png"; bbox 0 0 2700 4906; ppageno 0'>
   <div class='ocr_carea' id='block_1_1' title="bbox 322 245 1178 383">
    <p class='ocr_par' dir='ltr' id='par_1_1' title="bbox 322 245 1178 383">
     <span class='ocr_line' id='line_1_1' title="bbox 322 245 1178 383; baseline -0.001 0"><span class='ocrx_word' id='word_1_1' title='bbox 322 307 397 383; x_wconf 63' lang='lat' dir='ltr'>eai</span> <span class='ocrx_word' id='word_1_2' title='bbox 555 303 599 375; x_wconf 84' lang='lat' dir='ltr'>P.</span> <span class='ocrx_word' id='word_1_3' title='bbox 618 245 873 378; x_wconf 73' lang='lat' dir='ltr'>v1no1u11</span> <span class='ocrx_word' id='word_1_4' title='bbox 902 300 1178 382; x_wconf 75' lang='lat' dir='ltr'>Manorus</span> 
     </span>
    </p>
   </div>
   <div class='ocr_carea' id='block_1_2' title="bbox 325 464 1348 861">
    <p class='ocr_par' dir='ltr' id='par_1_2' title="bbox 325 464 1348 861">
     <span class='ocr_line' id='line_1_2' title="bbox 393 464 1348 592; baseline -0.002 -26"><span class='ocrx_word' id='word_1_5' title='bbox 393 495 507 566; x_wconf 89' lang='lat' dir='ltr'>Nunc</span> <span class='ocrx_word' id='word_1_6' title='bbox 528 515 615 589; x_wconf 81' lang='lat' dir='ltr'>age,</span> <span class='ocrx_word' id='word_1_7' title='bbox 660 507 812 563; x_wconf 88' lang='lat' dir='ltr'>naturas</span> <span class='ocrx_word' id='word_1_8' title='bbox 838 489 975 588; x_wconf 88' lang='lat' dir='ltr'>apibus</span> <span class='ocrx_word' id='word_1_9' title='bbox 998 516 1099 590; x_wconf 83' lang='lat' dir='ltr'>quas</span> <span class='ocrx_word' id='word_1_10' title='bbox 1120 464 1280 592; x_wconf 80' lang='lat' dir='ltr'>Iuppiter</span> <span class='ocrx_word' id='word_1_11' title='bbox 1294 487 1348 591; x_wconf 80' lang='lat' dir='ltr'>iplt</span> 
     </span>
     <span class='ocr_line' id='line_1_3' title="bbox 325 623 1342 725; baseline -0.004 -22"><span class='ocrx_word' id='word_1_12' title='bbox 325 625 491 715; x_wconf 78' lang='lat' dir='ltr'>Addidit,</span> <span class='ocrx_word' id='word_1_13' title='bbox 506 623 716 725; x_wconf 81' lang='lat' dir='ltr'>expediam,</span> <span class='ocrx_word' id='word_1_14' title='bbox 732 649 802 724; x_wconf 89' lang='lat' dir='ltr'>pro</span> <span class='ocrx_word' id='word_1_15' title='bbox 819 650 896 725; x_wconf 90' lang='lat' dir='ltr'>qua</span> <span class='ocrx_word' id='word_1_16' title='bbox 909 626 1110 720; x_wconf 83' lang='lat' dir='ltr'>mercede,</span> <span class='ocrx_word' id='word_1_17' title='bbox 1128 651 1311 703; x_wconf 81' lang='lat' dir='ltr'>canorort</span> <span class='ocrx_word' id='word_1_18' title='bbox 1338 664 1342 684; x_wconf 89' lang='lat'>·</span> 
     </span>
     <span class='ocr_line' id='line_1_4' title="bbox 329 756 1297 861; baseline -0.002 -25"><span class='ocrx_word' id='word_1_19' title='bbox 329 766 510 837; x_wconf 84' lang='lat' dir='ltr'>Curetum</span> <span class='ocrx_word' id='word_1_20' title='bbox 535 756 674 831; x_wconf 84' lang='lat' dir='ltr'>lonitus</span> <span class='ocrx_word' id='word_1_21' title='bbox 704 763 1007 861; x_wconf 84' lang='lat' dir='ltr'>crepitantiaque</span> <span class='ocrx_word' id='word_1_22' title='bbox 1030 787 1124 836; x_wconf 87' lang='lat' dir='ltr'>aera</span> <span class='ocrx_word' id='word_1_23' title='bbox 1148 761 1297 853; x_wconf 81' lang='lat' dir='ltr'>secutae,</span> 
     </span>
    </p>
   </div>
   <div class='ocr_carea' id='block_1_3' title="bbox 330 953 1350 1450">
    <p class='ocr_par' dir='ltr' id='par_1_3' title="bbox 330 953 1350 1450">
     <span class='ocr_line' id='line_1_5' title="bbox 331 953 1280 1028; baseline -0.001 -18"><span class='ocrx_word' id='word_1_24' title='bbox 331 957 464 1010; x_wconf 83' lang='lat' dir='ltr'>deseruere</span> <span class='ocrx_word' id='word_1_25' title='bbox 482 953 541 1007; x_wconf 85' lang='lat' dir='ltr'>alii:</span> <span class='ocrx_word' id='word_1_26' title='bbox 574 954 663 1025; x_wconf 82' lang='lat' dir='ltr'>itaque</span> <span class='ocrx_word' id='word_1_27' title='bbox 682 954 818 1008; x_wconf 81' lang='lat' dir='ltr'>reuocauit</span> <span class='ocrx_word' id='word_1_28' title='bbox 834 955 926 1010; x_wconf 80' lang='lat' dir='ltr'>Heius.</span> <span class='ocrx_word' id='word_1_29' title='bbox 947 977 963 1009; x_wconf 85' lang='lat' dir='ltr'>e</span> <span class='ocrx_word' id='word_1_30' title='bbox 980 972 1063 1028; x_wconf 79' lang='lat' dir='ltr'>parto</span> <span class='ocrx_word' id='word_1_31' title='bbox 1083 956 1233 1020; x_wconf 69' lang='lat' dir='ltr'>librorum</span> <span class='ocrx_word' id='word_1_32' title='bbox 1255 972 1280 1009; x_wconf 75' lang='lat' dir='ltr'>vt</span> 
     </span>
     <span class='ocr_line' id='line_1_6' title="bbox 330 1039 1350 1112; baseline -0.005 -15"><span class='ocrx_word' id='word_1_33' title='bbox 330 1042 381 1097; x_wconf 73' lang='lat' dir='ltr'>let.</span> <span class='ocrx_word' id='word_1_34' title='bbox 397 1043 454 1111; x_wconf 70' lang='lat' dir='ltr'>Reg</span> <span class='ocrx_word' id='word_1_35' title='bbox 478 1056 503 1094; x_wconf 89' lang='lat' dir='ltr'>et</span> <span class='ocrx_word' id='word_1_36' title='bbox 517 1039 669 1111; x_wconf 78' lang='lat' dir='ltr'>Cantabrig.</span> <span class='ocrx_word' id='word_1_37' title='bbox 685 1040 822 1104; x_wconf 57' lang='lat' dir='ltr'>exhibeam</span> <span class='ocrx_word' id='word_1_38' title='bbox 847 1058 874 1096; x_wconf 82' lang='lat' dir='ltr'>et</span> <span class='ocrx_word' id='word_1_39' title='bbox 887 1041 1044 1096; x_wconf 82' lang='lat' dir='ltr'>confirmari</span> <span class='ocrx_word' id='word_1_40' title='bbox 1060 1042 1089 1095; x_wconf 88' lang='lat' dir='ltr'>id</span> <span class='ocrx_word' id='word_1_41' title='bbox 1105 1040 1198 1112; x_wconf 77' lang='lat' dir='ltr'>potest</span> <span class='ocrx_word' id='word_1_42' title='bbox 1209 1061 1225 1094; x_wconf 83' lang='grc' dir='ltr'><strong><em>ο</em></strong></span> <span class='ocrx_word' id='word_1_43' title='bbox 1236 1040 1326 1095; x_wconf 78' lang='lat' dir='ltr'>Colum.</span> <span class='ocrx_word' id='word_1_44' title='bbox 1348 1054 1350 1064; x_wconf 77' lang='lat'><strong><em>¹</em></strong></span> 
     </span>
     <span class='ocr_line' id='line_1_7' title="bbox 331 1124 1334 1199; baseline 0 -20"><span class='ocrx_word' id='word_1_45' title='bbox 331 1125 413 1199; x_wconf 73' lang='lat' dir='ltr'>prael.</span> <span class='ocrx_word' id='word_1_46' title='bbox 429 1128 482 1180; x_wconf 69' lang='grc' dir='ltr'>δεῖ</span> <span class='ocrx_word' id='word_1_47' title='bbox 495 1124 528 1183; x_wconf 83' lang='grc' dir='ltr'>Χ,</span> <span class='ocrx_word' id='word_1_48' title='bbox 543 1128 568 1186; x_wconf 80' lang='grc'>6,</span> <span class='ocrx_word' id='word_1_49' title='bbox 587 1144 640 1197; x_wconf 88' lang='lat' dir='ltr'>quo</span> <span class='ocrx_word' id='word_1_50' title='bbox 659 1126 744 1178; x_wconf 81' lang='lat' dir='ltr'>maior</span> <span class='ocrx_word' id='word_1_51' title='bbox 762 1143 821 1198; x_wconf 78' lang='lat' dir='ltr'>para</span> <span class='ocrx_word' id='word_1_52' title='bbox 842 1127 936 1181; x_wconf 74' lang='lat' dir='ltr'>alludit</span> <span class='ocrx_word' id='word_1_53' title='bbox 956 1145 1020 1179; x_wconf 87' lang='lat' dir='ltr'>cum</span> <span class='ocrx_word' id='word_1_54' title='bbox 1037 1127 1172 1180; x_wconf 80' lang='lat' dir='ltr'>Mediceo</span> <span class='ocrx_word' id='word_1_55' title='bbox 1192 1143 1218 1180; x_wconf 77' lang='lat' dir='ltr'>et</span> <span class='ocrx_word' id='word_1_56' title='bbox 1236 1145 1283 1179; x_wconf 81' lang='lat' dir='ltr'>tuo</span> <span class='ocrx_word' id='word_1_57' title='bbox 1326 1153 1334 1167; x_wconf 56' lang='lat' dir='ltr'>u</span> 
     </span>
     <span class='ocr_line' id='line_1_8' title="bbox 333 1208 1265 1282; baseline 0.002 -19"><span class='ocrx_word' id='word_1_58' title='bbox 333 1210 385 1263; x_wconf 88' lang='lat' dir='ltr'>del.</span> <span class='ocrx_word' id='word_1_59' title='bbox 422 1208 486 1280; x_wconf 82' lang='lat' dir='ltr'>pojl</span> <span class='ocrx_word' id='word_1_60' title='bbox 506 1210 706 1271; x_wconf 83' lang='lat' dir='ltr'>memoranda,</span> <span class='ocrx_word' id='word_1_61' title='bbox 746 1210 798 1271; x_wconf 82' lang='lat' dir='ltr'>ita.</span> <span class='ocrx_word' id='word_1_62' title='bbox 826 1227 854 1265; x_wconf 82' lang='lat' dir='ltr'>vt</span> <span class='ocrx_word' id='word_1_63' title='bbox 876 1211 969 1265; x_wconf 66' lang='lat' dir='ltr'>fimitis</span> <span class='ocrx_word' id='word_1_64' title='bbox 990 1209 1095 1282; x_wconf 77' lang='lat' dir='ltr'>syllaba</span> <span class='ocrx_word' id='word_1_65' title='bbox 1123 1211 1265 1273; x_wconf 64' lang='lat' dir='ltr'>excideritt</span> 
     </span>
     <span class='ocr_line' id='line_1_9' title="bbox 331 1290 1349 1368; baseline 0.004 -24"><span class='ocrx_word' id='word_1_66' title='bbox 331 1295 483 1367; x_wconf 77' lang='lat' dir='ltr'>suppleuere</span> <span class='ocrx_word' id='word_1_67' title='bbox 509 1293 569 1351; x_wconf 74' lang='lat' dir='ltr'>atii,</span> <span class='ocrx_word' id='word_1_68' title='bbox 610 1305 637 1342; x_wconf 88' lang='lat' dir='ltr'>vt</span> <span class='ocrx_word' id='word_1_69' title='bbox 656 1291 684 1342; x_wconf 87' lang='lat' dir='ltr'>in</span> <span class='ocrx_word' id='word_1_70' title='bbox 705 1290 829 1346; x_wconf 81' lang='lat' dir='ltr'>Pierianir</span> <span class='ocrx_word' id='word_1_71' title='bbox 859 1294 963 1368; x_wconf 77' lang='lat' dir='ltr'>aliquot</span> <span class='ocrx_word' id='word_1_72' title='bbox 990 1312 1019 1350; x_wconf 85' lang='lat' dir='ltr'>et</span> <span class='ocrx_word' id='word_1_73' title='bbox 1049 1315 1105 1349; x_wconf 85' lang='lat' dir='ltr'>vno</span> <span class='ocrx_word' id='word_1_74' title='bbox 1124 1297 1284 1350; x_wconf 68' lang='lat' dir='ltr'>Mendiauo:</span> <span class='ocrx_word' id='word_1_75' title='bbox 1308 1304 1349 1366; x_wconf 63' lang='grc' dir='ltr'>μ’</span> 
     </span>
     <span class='ocr_line' id='line_1_10' title="bbox 332 1374 1339 1450; baseline 0.01 -21"><span class='ocrx_word' id='word_1_76' title='bbox 332 1379 404 1434; x_wconf 74' lang='lat' dir='ltr'>baec</span> <span class='ocrx_word' id='word_1_77' title='bbox 430 1374 631 1435; x_wconf 81' lang='lat' dir='ltr'>memoranda,</span> <span class='ocrx_word' id='word_1_78' title='bbox 664 1390 727 1435; x_wconf 85' lang='lat' dir='ltr'>aut,</span> <span class='ocrx_word' id='word_1_79' title='bbox 752 1391 778 1429; x_wconf 82' lang='lat' dir='ltr'>vt</span> <span class='ocrx_word' id='word_1_80' title='bbox 797 1376 874 1449; x_wconf 76' lang='lat' dir='ltr'>vulgo</span> <span class='ocrx_word' id='word_1_81' title='bbox 893 1378 1050 1450; x_wconf 85' lang='lat' dir='ltr'>legebatur,</span> <span class='ocrx_word' id='word_1_82' title='bbox 1085 1385 1198 1436; x_wconf 82' lang='lat' dir='ltr'>etvtiu</span> <span class='ocrx_word' id='word_1_83' title='bbox 1217 1383 1312 1437; x_wconf 61' lang='lat' dir='ltr'>tribua«</span> <span class='ocrx_word' id='word_1_84' title='bbox 1338 1411 1339 1422; x_wconf 50' lang='lat'>¹</span> 
     </span>
    </p>
   </div>
   <div class='ocr_carea' id='block_1_4' title="bbox 330 1457 1304 1602">
    <p class='ocr_par' dir='ltr' id='par_1_4' title="bbox 330 1457 1304 1602">
     <span class='ocr_line' id='line_1_11' title="bbox 330 1457 1304 1537; baseline 0.002 -20"><span class='ocrx_word' id='word_1_85' title='bbox 330 1462 438 1517; x_wconf 82' lang='lat' dir='ltr'>tinianir</span> <span class='ocrx_word' id='word_1_86' title='bbox 458 1460 567 1533; x_wconf 75' lang='lat' dir='ltr'>legitur:</span> <span class='ocrx_word' id='word_1_87' title='bbox 603 1457 668 1531; x_wconf 79' lang='lat' dir='ltr'>post</span> <span class='ocrx_word' id='word_1_88' title='bbox 687 1462 943 1517; x_wconf 79' lang='lat' dir='ltr'>commemoranda.</span> <span class='ocrx_word' id='word_1_89' title='bbox 979 1468 1053 1522; x_wconf 72' lang='lat' dir='ltr'>atila</span> <span class='ocrx_word' id='word_1_90' title='bbox 1071 1475 1172 1537; x_wconf 73' lang='lat' dir='ltr'>primo</span> <span class='ocrx_word' id='word_1_91' title='bbox 1197 1488 1304 1523; x_wconf 70' lang='lat' dir='ltr'>memor</span> 
     </span>
     <span class='ocr_line' id='line_1_12' title="bbox 331 1546 471 1602; baseline -0.036 0"><span class='ocrx_word' id='word_1_92' title='bbox 331 1546 381 1602; x_wconf 79' lang='lat' dir='ltr'>Ed.</span> <span class='ocrx_word' id='word_1_93' title='bbox 402 1546 471 1598; x_wconf 82' lang='lat' dir='ltr'>Van.</span> 
     </span>
    </p>
   </div>
   <div class='ocr_carea' id='block_1_5' title="bbox 331 1705 1348 3127">
    <p class='ocr_par' dir='ltr' id='par_1_5' title="bbox 331 1705 1348 3127">
     <span class='ocr_line' id='line_1_13' title="bbox 334 1705 1316 1784; baseline 0.005 -14"><span class='ocrx_word' id='word_1_94' title='bbox 334 1706 420 1770; x_wconf 88' lang='lat' dir='ltr'>adh.</span> <span class='ocrx_word' id='word_1_95' title='bbox 435 1728 464 1767; x_wconf 87' lang='lat' dir='ltr'>v.</span> <span class='ocrx_word' id='word_1_96' title='bbox 481 1705 669 1784; x_wconf 81' lang='lat' dir='ltr'>Gargilium</span> <span class='ocrx_word' id='word_1_97' title='bbox 686 1708 827 1768; x_wconf 78' lang='lat' dir='ltr'>Mareia-</span> <span class='ocrx_word' id='word_1_98' title='bbox 868 1709 1061 1774; x_wconf 87' lang='lat' dir='ltr'>Obscuriora</span> <span class='ocrx_word' id='word_1_99' title='bbox 1086 1728 1202 1775; x_wconf 82' lang='lat' dir='ltr'>tamen</span> <span class='ocrx_word' id='word_1_100' title='bbox 1230 1713 1316 1775; x_wconf 83' lang='lat' dir='ltr'>lunt&#39;</span> 
     </span>
     <span class='ocr_line' id='line_1_14' title="bbox 332 1808 1343 1899; baseline 0.003 -28"><span class='ocrx_word' id='word_1_101' title='bbox 332 1812 399 1872; x_wconf 89' lang='lat' dir='ltr'>lem</span> <span class='ocrx_word' id='word_1_102' title='bbox 414 1808 573 1894; x_wconf 83' lang='lat' dir='ltr'>fignificari</span> <span class='ocrx_word' id='word_1_103' title='bbox 588 1809 710 1890; x_wconf 77' lang='lat' dir='ltr'>prodit3</span> <span class='ocrx_word' id='word_1_104' title='bbox 737 1809 828 1892; x_wconf 76' lang='lat' dir='ltr'>[crip-</span> <span class='ocrx_word' id='word_1_105' title='bbox 869 1816 1009 1899; x_wconf 85' lang='lat' dir='ltr'>adquae</span> <span class='ocrx_word' id='word_1_106' title='bbox 1032 1819 1132 1878; x_wconf 86' lang='lat' dir='ltr'>Maro</span> <span class='ocrx_word' id='word_1_107' title='bbox 1152 1816 1187 1880; x_wconf 87' lang='lat' dir='ltr'>lt.</span> <span class='ocrx_word' id='word_1_108' title='bbox 1199 1817 1221 1876; x_wconf 89' lang='lat' dir='ltr'>l.</span> <span class='ocrx_word' id='word_1_109' title='bbox 1235 1816 1343 1898; x_wconf 79' lang='lat' dir='ltr'>respexit</span> 
     </span>
     <span class='ocr_line' id='line_1_15' title="bbox 332 1911 1347 2001; baseline 0.005 -27"><span class='ocrx_word' id='word_1_110' title='bbox 332 1911 369 1975; x_wconf 86' lang='lat' dir='ltr'>fit</span> <span class='ocrx_word' id='word_1_111' title='bbox 387 1913 456 1973; x_wconf 83' lang='lat' dir='ltr'>saue</span> <span class='ocrx_word' id='word_1_112' title='bbox 472 1916 496 1972; x_wconf 85' lang='lat' dir='ltr'>is</span> <span class='ocrx_word' id='word_1_113' title='bbox 514 1913 553 1972; x_wconf 87' lang='lat' dir='ltr'>de</span> <span class='ocrx_word' id='word_1_114' title='bbox 568 1911 728 1973; x_wconf 91' lang='lat' dir='ltr'>hortorum</span> <span class='ocrx_word' id='word_1_115' title='bbox 744 1932 826 1986; x_wconf 83' lang='lat' dir='ltr'>cura,</span> <span class='ocrx_word' id='word_1_116' title='bbox 867 1939 970 2001; x_wconf 77' lang='lat' dir='ltr'>eoque</span> <span class='ocrx_word' id='word_1_117' title='bbox 986 1922 1218 2000; x_wconf 83' lang='lat' dir='ltr'>interpretatio</span> <span class='ocrx_word' id='word_1_118' title='bbox 1234 1940 1294 1981; x_wconf 87' lang='lat' dir='ltr'>nou</span> <span class='ocrx_word' id='word_1_119' title='bbox 1319 1949 1321 1969; x_wconf 53' lang='grc'>;</span> <span class='ocrx_word' id='word_1_120' title='bbox 1343 1953 1347 1963; x_wconf 80' lang='lat'>=</span> 
     </span>
     <span class='ocr_line' id='line_1_16' title="bbox 333 2013 1335 2104; baseline -0.007 -26"><span class='ocrx_word' id='word_1_121' title='bbox 333 2015 386 2078; x_wconf 85' lang='lat' dir='ltr'>led</span> <span class='ocrx_word' id='word_1_122' title='bbox 403 2013 446 2075; x_wconf 83' lang='lat' dir='ltr'>est</span> <span class='ocrx_word' id='word_1_123' title='bbox 460 2014 553 2075; x_wconf 85' lang='lat' dir='ltr'>serior</span> <span class='ocrx_word' id='word_1_124' title='bbox 568 2030 686 2088; x_wconf 85' lang='lat' dir='ltr'>aetate,</span> <span class='ocrx_word' id='word_1_125' title='bbox 714 2029 745 2075; x_wconf 89' lang='lat' dir='ltr'>et</span> <span class='ocrx_word' id='word_1_126' title='bbox 760 2034 828 2074; x_wconf 90' lang='lat' dir='ltr'>nou</span> <span class='ocrx_word' id='word_1_127' title='bbox 867 2036 951 2091; x_wconf 64' lang='lat' dir='ltr'>tum</span> <span class='ocrx_word' id='word_1_128' title='bbox 986 2025 1138 2101; x_wconf 71' lang='lat' dir='ltr'>inprimis</span> <span class='ocrx_word' id='word_1_129' title='bbox 1160 2038 1289 2104; x_wconf 65' lang='lat' dir='ltr'>propter</span> <span class='ocrx_word' id='word_1_130' title='bbox 1303 2043 1335 2081; x_wconf 40' lang='grc' dir='ltr'><strong>μ</strong></span> 
     </span>
     <span class='ocr_line' id='line_1_17' title="bbox 332 2114 1336 2206; baseline 0.01 -31"><span class='ocrx_word' id='word_1_131' title='bbox 332 2114 390 2180; x_wconf 84' lang='lat' dir='ltr'>nili</span> <span class='ocrx_word' id='word_1_132' title='bbox 410 2118 547 2178; x_wconf 85' lang='lat' dir='ltr'>Palladio</span> <span class='ocrx_word' id='word_1_133' title='bbox 568 2122 701 2201; x_wconf 87' lang='lat' dir='ltr'>primum</span> <span class='ocrx_word' id='word_1_134' title='bbox 721 2117 828 2177; x_wconf 83' lang='lat' dir='ltr'>lauda·</span> <span class='ocrx_word' id='word_1_135' title='bbox 866 2123 906 2184; x_wconf 86' lang='lat' dir='ltr'>ba</span> <span class='ocrx_word' id='word_1_136' title='bbox 923 2144 987 2202; x_wconf 84' lang='lat' dir='ltr'>pro</span> <span class='ocrx_word' id='word_1_137' title='bbox 1008 2144 1084 2206; x_wconf 84' lang='lat' dir='ltr'>qua</span> <span class='ocrx_word' id='word_1_138' title='bbox 1104 2125 1269 2188; x_wconf 75' lang='lat' dir='ltr'>mercede.</span> <span class='ocrx_word' id='word_1_139' title='bbox 1303 2125 1336 2184; x_wconf 83' lang='lat' dir='ltr'>ll·</span> 
     </span>
     <span class='ocr_line' id='line_1_18' title="bbox 332 2228 1335 2311; baseline 0.012 -34"><span class='ocrx_word' id='word_1_140' title='bbox 332 2231 392 2278; x_wconf 82' lang='lat' dir='ltr'>tur.</span> <span class='ocrx_word' id='word_1_141' title='bbox 865 2228 898 2287; x_wconf 93' lang='lat' dir='ltr'>lo</span> <span class='ocrx_word' id='word_1_142' title='bbox 913 2231 1024 2286; x_wconf 88' lang='lat' dir='ltr'>iterum</span> <span class='ocrx_word' id='word_1_143' title='bbox 1041 2234 1092 2300; x_wconf 76' lang='lat' dir='ltr'>ea,</span> <span class='ocrx_word' id='word_1_144' title='bbox 1123 2248 1211 2311; x_wconf 81' lang='lat' dir='ltr'>quae</span> <span class='ocrx_word' id='word_1_145' title='bbox 1231 2229 1297 2289; x_wconf 85' lang='lat' dir='ltr'>olim</span> <span class='ocrx_word' id='word_1_146' title='bbox 1315 2230 1335 2275; x_wconf 70' lang='lat' dir='ltr'>‚t</span> 
     </span>
     <span class='ocr_line' id='line_1_19' title="bbox 382 2318 1343 2412; baseline 0.011 -33"><span class='ocrx_word' id='word_1_147' title='bbox 382 2326 440 2398; x_wconf 77' lang='lat'>¹49</span> <span class='ocrx_word' id='word_1_148' title='bbox 457 2318 498 2401; x_wconf 88' lang='lat' dir='ltr'>iq.</span> <span class='ocrx_word' id='word_1_149' title='bbox 525 2320 575 2380; x_wconf 92' lang='lat' dir='ltr'>De</span> <span class='ocrx_word' id='word_1_150' title='bbox 595 2340 629 2380; x_wconf 88' lang='lat' dir='ltr'>re</span> <span class='ocrx_word' id='word_1_151' title='bbox 648 2323 770 2400; x_wconf 83' lang='lat' dir='ltr'>priuata</span> <span class='ocrx_word' id='word_1_152' title='bbox 791 2341 828 2381; x_wconf 89' lang='lat' dir='ltr'>ac</span> <span class='ocrx_word' id='word_1_153' title='bbox 867 2343 973 2410; x_wconf 84' lang='lat' dir='ltr'>putata</span> <span class='ocrx_word' id='word_1_154' title='bbox 994 2327 1087 2404; x_wconf 85' lang='lat' dir='ltr'>lunt,</span> <span class='ocrx_word' id='word_1_155' title='bbox 1125 2347 1286 2412; x_wconf 84' lang='lat' dir='ltr'>repetere,</span> <span class='ocrx_word' id='word_1_156' title='bbox 1313 2328 1343 2390; x_wconf 56' lang='lat' dir='ltr'>la</span> 
     </span>
     <span class='ocr_line' id='line_1_20' title="bbox 333 2421 1343 2515; baseline 0.003 -35"><span class='ocrx_word' id='word_1_157' title='bbox 333 2421 456 2505; x_wconf 88' lang='lat' dir='ltr'>publica</span> <span class='ocrx_word' id='word_1_158' title='bbox 472 2441 564 2500; x_wconf 89' lang='lat' dir='ltr'>apum</span> <span class='ocrx_word' id='word_1_159' title='bbox 589 2442 678 2502; x_wconf 85' lang='lat' dir='ltr'>agere</span> <span class='ocrx_word' id='word_1_160' title='bbox 701 2423 828 2485; x_wconf 87' lang='lat' dir='ltr'>orditur.</span> <span class='ocrx_word' id='word_1_161' title='bbox 868 2452 1048 2512; x_wconf 71' lang='lat' dir='ltr'>apponam,</span> <span class='ocrx_word' id='word_1_162' title='bbox 1092 2435 1186 2515; x_wconf 78' lang='lat' dir='ltr'>quod</span> <span class='ocrx_word' id='word_1_163' title='bbox 1214 2439 1272 2495; x_wconf 65' lang='lat' dir='ltr'>iam</span> <span class='ocrx_word' id='word_1_164' title='bbox 1294 2437 1343 2495; x_wconf 55' lang='lat' dir='ltr'>(stt</span> 
     </span>
     <span class='ocr_line' id='line_1_21' title="bbox 333 2522 1336 2616; baseline 0.009 -28"><span class='ocrx_word' id='word_1_165' title='bbox 333 2522 491 2588; x_wconf 74' lang='grc' dir='ltr'><em>πολιτείαν</em></span> <span class='ocrx_word' id='word_1_166' title='bbox 508 2525 558 2586; x_wconf 75' lang='lat' dir='ltr'>nal</span> <span class='ocrx_word' id='word_1_167' title='bbox 571 2523 639 2605; x_wconf 79' lang='grc' dir='ltr'>βίον</span> <span class='ocrx_word' id='word_1_168' title='bbox 654 2526 726 2583; x_wconf 88' lang='lat' dir='ltr'>dixit</span> <span class='ocrx_word' id='word_1_169' title='bbox 740 2523 827 2585; x_wconf 83' lang='lat' dir='ltr'>Arist.</span> <span class='ocrx_word' id='word_1_170' title='bbox 868 2535 1010 2614; x_wconf 85' lang='lat' dir='ltr'>praetuli.</span> <span class='ocrx_word' id='word_1_171' title='bbox 1022 2534 1139 2596; x_wconf 86' lang='lat' dir='ltr'>Iouem</span> <span class='ocrx_word' id='word_1_172' title='bbox 1149 2558 1313 2616; x_wconf 82' lang='lat' dir='ltr'>pueruma</span> <span class='ocrx_word' id='word_1_173' title='bbox 1324 2566 1336 2586; x_wconf 55' lang='lat' dir='ltr'>a</span> 
     </span>
     <span class='ocr_line' id='line_1_22' title="bbox 333 2626 1341 2717; baseline 0.006 -26"><span class='ocrx_word' id='word_1_174' title='bbox 333 2626 373 2686; x_wconf 87' lang='grc' dir='ltr'>Η.</span> <span class='ocrx_word' id='word_1_175' title='bbox 388 2628 424 2686; x_wconf 79' lang='lat' dir='ltr'>A·</span> <span class='ocrx_word' id='word_1_176' title='bbox 440 2626 496 2697; x_wconf 75' lang='lat' dir='ltr'>IX,</span> <span class='ocrx_word' id='word_1_177' title='bbox 512 2634 563 2704; x_wconf 76' lang='lat'>40,</span> <span class='ocrx_word' id='word_1_178' title='bbox 593 2640 623 2684; x_wconf 74' lang='lat' dir='ltr'>et</span> <span class='ocrx_word' id='word_1_179' title='bbox 644 2626 828 2710; x_wconf 74' lang='lat' dir='ltr'>indeDidy·</span> <span class='ocrx_word' id='word_1_180' title='bbox 869 2636 996 2696; x_wconf 88' lang='lat' dir='ltr'>allectae</span> <span class='ocrx_word' id='word_1_181' title='bbox 1019 2639 1188 2717; x_wconf 73' lang='lat' dir='ltr'>cymbalis</span> <span class='ocrx_word' id='word_1_182' title='bbox 1210 2643 1341 2701; x_wconf 73' lang='lat' dir='ltr'>Curetum</span> 
     </span>
     <span class='ocr_line' id='line_1_23' title="bbox 333 2728 1342 2816; baseline 0.002 -27"><span class='ocrx_word' id='word_1_183' title='bbox 333 2749 401 2789; x_wconf 83' lang='lat' dir='ltr'>mus</span> <span class='ocrx_word' id='word_1_184' title='bbox 414 2729 516 2808; x_wconf 90' lang='lat' dir='ltr'>Geop.</span> <span class='ocrx_word' id='word_1_185' title='bbox 530 2728 600 2800; x_wconf 83' lang='lat' dir='ltr'>XV,</span> <span class='ocrx_word' id='word_1_186' title='bbox 616 2731 646 2801; x_wconf 81' lang='lat'>3,</span> <span class='ocrx_word' id='word_1_187' title='bbox 667 2751 691 2787; x_wconf 90' lang='grc' dir='ltr'>ι.</span> <span class='ocrx_word' id='word_1_188' title='bbox 714 2730 826 2788; x_wconf 84' lang='lat' dir='ltr'>Fabula</span> <span class='ocrx_word' id='word_1_189' title='bbox 858 2738 926 2816; x_wconf 82' lang='lat' dir='ltr'>sub</span> <span class='ocrx_word' id='word_1_190' title='bbox 946 2754 1048 2799; x_wconf 78' lang='lat' dir='ltr'>antro</span> <span class='ocrx_word' id='word_1_191' title='bbox 1071 2749 1192 2804; x_wconf 79' lang='lat' dir='ltr'>montis</span> <span class='ocrx_word' id='word_1_192' title='bbox 1208 2747 1310 2803; x_wconf 76' lang='lat' dir='ltr'>Dirces</span> <span class='ocrx_word' id='word_1_193' title='bbox 1339 2773 1342 2790; x_wconf 85' lang='lat'><strong>.</strong></span> 
     </span>
     <span class='ocr_line' id='line_1_24' title="bbox 333 2829 1348 2925; baseline 0.016 -33"><span class='ocrx_word' id='word_1_194' title='bbox 333 2847 409 2892; x_wconf 87' lang='lat' dir='ltr'>nota</span> <span class='ocrx_word' id='word_1_195' title='bbox 426 2831 525 2891; x_wconf 82' lang='lat' dir='ltr'>velex</span> <span class='ocrx_word' id='word_1_196' title='bbox 540 2829 724 2891; x_wconf 79' lang='lat' dir='ltr'>Callimacho</span> <span class='ocrx_word' id='word_1_197' title='bbox 740 2832 778 2890; x_wconf 89' lang='grc' dir='ltr'>Η.</span> <span class='ocrx_word' id='word_1_198' title='bbox 793 2837 827 2891; x_wconf 91' lang='lat' dir='ltr'>in</span> <span class='ocrx_word' id='word_1_199' title='bbox 869 2843 961 2901; x_wconf 83' lang='lat' dir='ltr'>Creta</span> <span class='ocrx_word' id='word_1_200' title='bbox 980 2861 1159 2923; x_wconf 77' lang='lat' dir='ltr'>partemne</span> <span class='ocrx_word' id='word_1_201' title='bbox 1184 2848 1288 2915; x_wconf 61' lang='lat' dir='ltr'>melin</span> <span class='ocrx_word' id='word_1_202' title='bbox 1304 2864 1348 2925; x_wconf 79' lang='lat' dir='ltr'>pto</span> 
     </span>
     <span class='ocr_line' id='line_1_25' title="bbox 332 2933 1348 3028; baseline 0.004 -27"><span class='ocrx_word' id='word_1_203' title='bbox 332 2933 400 2995; x_wconf 78' lang='lat'>1011·</span> <span class='ocrx_word' id='word_1_204' title='bbox 422 2942 463 3014; x_wconf 77' lang='grc'>49</span> <span class='ocrx_word' id='word_1_205' title='bbox 484 2933 546 3015; x_wconf 81' lang='lat' dir='ltr'>sqq·</span> <span class='ocrx_word' id='word_1_206' title='bbox 603 2934 701 2994; x_wconf 71' lang='lat' dir='ltr'>Fuere</span> <span class='ocrx_word' id='word_1_207' title='bbox 722 2949 826 2994; x_wconf 67' lang='lat' dir='ltr'>lamen</span> <span class='ocrx_word' id='word_1_208' title='bbox 869 2966 904 3005; x_wconf 87' lang='lat' dir='ltr'>ea</span> <span class='ocrx_word' id='word_1_209' title='bbox 925 2965 969 3014; x_wconf 89' lang='lat' dir='ltr'>re,</span> <span class='ocrx_word' id='word_1_210' title='bbox 991 2960 1153 3028; x_wconf 88' lang='lat' dir='ltr'>tamquam</span> <span class='ocrx_word' id='word_1_211' title='bbox 1171 2949 1309 3010; x_wconf 86' lang='lat' dir='ltr'>mercedis</span> <span class='ocrx_word' id='word_1_212' title='bbox 1322 2966 1348 3005; x_wconf 84' lang='lat' dir='ltr'>ac</span> 
     </span>
     <span class='ocr_line' id='line_1_26' title="bbox 331 3033 1347 3127; baseline 0.003 -31"><span class='ocrx_word' id='word_1_213' title='bbox 331 3038 446 3109; x_wconf 74' lang='lat' dir='ltr'>millia,</span> <span class='ocrx_word' id='word_1_214' title='bbox 483 3033 592 3119; x_wconf 80' lang='lat' dir='ltr'>qlilbus</span> <span class='ocrx_word' id='word_1_215' title='bbox 615 3035 750 3094; x_wconf 73' lang='lat' dir='ltr'>fabulam</span> <span class='ocrx_word' id='word_1_216' title='bbox 775 3057 825 3096; x_wconf 84' lang='lat' dir='ltr'>or·</span> <span class='ocrx_word' id='word_1_217' title='bbox 865 3051 994 3127; x_wconf 79' lang='lat' dir='ltr'>praemii</span> <span class='ocrx_word' id='word_1_218' title='bbox 1015 3048 1109 3121; x_wconf 68' lang='lat' dir='ltr'>loco,</span> <span class='ocrx_word' id='word_1_219' title='bbox 1148 3056 1257 3111; x_wconf 67' lang='lat' dir='ltr'>miram</span> <span class='ocrx_word' id='word_1_220' title='bbox 1277 3051 1347 3122; x_wconf 62' lang='lat' dir='ltr'>hanc,</span> 
     </span>
    </p>
   </div>
   <div class='ocr_carea' id='block_1_6' title="bbox 328 3137 1347 3542">
    <p class='ocr_par' dir='ltr' id='par_1_6' title="bbox 328 3137 1347 3542">
     <span class='ocr_line' id='line_1_27' title="bbox 330 3137 1347 3234; baseline 0.01 -35"><span class='ocrx_word' id='word_1_221' title='bbox 330 3153 484 3199; x_wconf 76' lang='lat' dir='ltr'>nouerant</span> <span class='ocrx_word' id='word_1_222' title='bbox 508 3153 637 3217; x_wconf 89' lang='lat' dir='ltr'>poetae:</span> <span class='ocrx_word' id='word_1_223' title='bbox 669 3143 702 3197; x_wconf 92' lang='lat' dir='ltr'>in</span> <span class='ocrx_word' id='word_1_224' title='bbox 726 3137 770 3198; x_wconf 84' lang='lat' dir='ltr'>his</span> <span class='ocrx_word' id='word_1_225' title='bbox 795 3160 822 3199; x_wconf 89' lang='lat' dir='ltr'>v.</span> <span class='ocrx_word' id='word_1_226' title='bbox 866 3165 896 3209; x_wconf 73' lang='lat' dir='ltr'>et</span> <span class='ocrx_word' id='word_1_227' title='bbox 919 3147 1056 3210; x_wconf 77' lang='lat' dir='ltr'>humano</span> <span class='ocrx_word' id='word_1_228' title='bbox 1086 3156 1222 3234; x_wconf 77' lang='lat' dir='ltr'>ingenio</span> <span class='ocrx_word' id='word_1_229' title='bbox 1242 3152 1347 3216; x_wconf 73' lang='lat' dir='ltr'>similem</span> 
     </span>
     <span class='ocr_line' id='line_1_28' title="bbox 330 3239 1346 3338; baseline 0.015 -39"><span class='ocrx_word' id='word_1_230' title='bbox 330 3259 358 3300; x_wconf 83' lang='lat' dir='ltr'>c.</span> <span class='ocrx_word' id='word_1_231' title='bbox 387 3240 480 3310; x_wconf 87' lang='lat' dir='ltr'>illud,</span> <span class='ocrx_word' id='word_1_232' title='bbox 524 3242 609 3322; x_wconf 91' lang='lat' dir='ltr'>quod</span> <span class='ocrx_word' id='word_1_233' title='bbox 635 3239 823 3301; x_wconf 73' lang='lat' dir='ltr'>Ambrofiflm</span> <span class='ocrx_word' id='word_1_234' title='bbox 865 3265 1005 3310; x_wconf 84' lang='lat' dir='ltr'>naturam</span> <span class='ocrx_word' id='word_1_235' title='bbox 1032 3256 1070 3312; x_wconf 88' lang='lat' dir='ltr'>iis</span> <span class='ocrx_word' id='word_1_236' title='bbox 1098 3255 1216 3316; x_wconf 90' lang='lat' dir='ltr'>indidit</span> <span class='ocrx_word' id='word_1_237' title='bbox 1240 3259 1346 3338; x_wconf 83' lang='lat' dir='ltr'>Iupiter.</span> 
     </span>
     <span class='ocr_line' id='line_1_29' title="bbox 329 3339 1345 3436; baseline 0.014 -34"><span class='ocrx_word' id='word_1_238' title='bbox 329 3339 399 3402; x_wconf 86' lang='lat' dir='ltr'>Ioui</span> <span class='ocrx_word' id='word_1_239' title='bbox 421 3361 519 3421; x_wconf 88' lang='lat' dir='ltr'>puero</span> <span class='ocrx_word' id='word_1_240' title='bbox 543 3343 748 3422; x_wconf 88' lang='lat' dir='ltr'>apportabant</span> <span class='ocrx_word' id='word_1_241' title='bbox 772 3364 824 3402; x_wconf 90' lang='lat' dir='ltr'>co·</span> <span class='ocrx_word' id='word_1_242' title='bbox 865 3352 980 3412; x_wconf 88' lang='lat' dir='ltr'>Extulit</span> <span class='ocrx_word' id='word_1_243' title='bbox 1009 3350 1088 3415; x_wconf 89' lang='lat' dir='ltr'>haee</span> <span class='ocrx_word' id='word_1_244' title='bbox 1106 3375 1206 3436; x_wconf 85' lang='lat' dir='ltr'>poeta</span> <span class='ocrx_word' id='word_1_245' title='bbox 1232 3357 1345 3419; x_wconf 84' lang='lat' dir='ltr'>inuerse:</span> 
     </span>
     <span class='ocr_line' id='line_1_30' title="bbox 328 3440 1345 3542; baseline 0.022 -40"><span class='ocrx_word' id='word_1_246' title='bbox 328 3440 453 3502; x_wconf 85' lang='lat' dir='ltr'>lumbae</span> <span class='ocrx_word' id='word_1_247' title='bbox 470 3448 551 3502; x_wconf 87' lang='lat' dir='ltr'>inter</span> <span class='ocrx_word' id='word_1_248' title='bbox 566 3445 705 3505; x_wconf 84' lang='lat' dir='ltr'>Planctus</span> <span class='ocrx_word' id='word_1_249' title='bbox 729 3446 825 3506; x_wconf 87' lang='lat' dir='ltr'>aduo-</span> <span class='ocrx_word' id='word_1_250' title='bbox 865 3470 987 3515; x_wconf 82' lang='lat' dir='ltr'>naturas</span> <span class='ocrx_word' id='word_1_251' title='bbox 1015 3453 1071 3515; x_wconf 80' lang='lat' dir='ltr'>has</span> <span class='ocrx_word' id='word_1_252' title='bbox 1109 3460 1225 3521; x_wconf 88' lang='lat' dir='ltr'>indidit</span> <span class='ocrx_word' id='word_1_253' title='bbox 1250 3462 1345 3542; x_wconf 76' lang='lat' dir='ltr'>Iupiter</span> 
     </span>
    </p>
   </div>
   <div class='ocr_carea' id='block_1_7' title="bbox 288 3543 1345 4256">
    <p class='ocr_par' dir='ltr' id='par_1_7' title="bbox 288 3543 1345 4256">
     <span class='ocr_line' id='line_1_31' title="bbox 329 3543 1343 3647; baseline 0.017 -44"><span class='ocrx_word' id='word_1_254' title='bbox 329 3543 447 3603; x_wconf 80' lang='lat' dir='ltr'>lantes:</span> <span class='ocrx_word' id='word_1_255' title='bbox 488 3543 590 3627; x_wconf 79' lang='lat' dir='ltr'>Odyll.</span> <span class='ocrx_word' id='word_1_256' title='bbox 617 3572 651 3624; x_wconf 82' lang='grc' dir='ltr'>μ,</span> <span class='ocrx_word' id='word_1_257' title='bbox 680 3551 716 3609; x_wconf 84' lang='lat'>61</span> <span class='ocrx_word' id='word_1_258' title='bbox 748 3547 824 3629; x_wconf 62' lang='lat' dir='ltr'>sqq„</span> <span class='ocrx_word' id='word_1_259' title='bbox 866 3556 983 3637; x_wconf 82' lang='lat' dir='ltr'>apibus.</span> <span class='ocrx_word' id='word_1_260' title='bbox 1049 3559 1183 3620; x_wconf 88' lang='lat' dir='ltr'>Poterat</span> <span class='ocrx_word' id='word_1_261' title='bbox 1216 3582 1343 3647; x_wconf 82' lang='lat' dir='ltr'>pergere:</span> 
     </span>
     <span class='ocr_line' id='line_1_32' title="bbox 288 3643 1345 3747; baseline 0.02 -43"><span class='ocrx_word' id='word_1_262' title='bbox 288 3664 292 3672; x_wconf 89' lang='lat'><em>·</em></span> <span class='ocrx_word' id='word_1_263' title='bbox 328 3645 381 3706; x_wconf 85' lang='lat' dir='ltr'>vbi</span> <span class='ocrx_word' id='word_1_264' title='bbox 404 3646 442 3711; x_wconf 83' lang='lat' dir='ltr'>cf.</span> <span class='ocrx_word' id='word_1_265' title='bbox 461 3643 593 3707; x_wconf 83' lang='lat' dir='ltr'>Eustatlt.</span> <span class='ocrx_word' id='word_1_266' title='bbox 642 3650 768 3709; x_wconf 84' lang='lat' dir='ltr'>Seruata</span> <span class='ocrx_word' id='word_1_267' title='bbox 784 3650 823 3709; x_wconf 90' lang='lat' dir='ltr'>ad</span> <span class='ocrx_word' id='word_1_268' title='bbox 862 3679 924 3738; x_wconf 81' lang='lat' dir='ltr'>pro</span> <span class='ocrx_word' id='word_1_269' title='bbox 948 3679 988 3717; x_wconf 87' lang='lat' dir='ltr'>ea</span> <span class='ocrx_word' id='word_1_270' title='bbox 1010 3681 1064 3728; x_wconf 82' lang='lat' dir='ltr'>re,</span> <span class='ocrx_word' id='word_1_271' title='bbox 1097 3685 1195 3744; x_wconf 86' lang='lat' dir='ltr'>quam</span> <span class='ocrx_word' id='word_1_272' title='bbox 1211 3689 1266 3747; x_wconf 90' lang='lat' dir='ltr'>pro</span> <span class='ocrx_word' id='word_1_273' title='bbox 1281 3685 1345 3725; x_wconf 83' lang='lat' dir='ltr'>mer·</span> 
     </span>
     <span class='ocr_line' id='line_1_33' title="bbox 328 3747 1345 3848; baseline 0.02 -43"><span class='ocrx_word' id='word_1_274' title='bbox 328 3747 476 3809; x_wconf 83' lang='lat' dir='ltr'>inferiora</span> <span class='ocrx_word' id='word_1_275' title='bbox 494 3770 588 3831; x_wconf 86' lang='lat' dir='ltr'>vsque</span> <span class='ocrx_word' id='word_1_276' title='bbox 609 3765 749 3831; x_wconf 87' lang='lat' dir='ltr'>tempora</span> <span class='ocrx_word' id='word_1_277' title='bbox 770 3772 824 3812; x_wconf 89' lang='lat' dir='ltr'>an·</span> <span class='ocrx_word' id='word_1_278' title='bbox 865 3761 940 3821; x_wconf 89' lang='lat' dir='ltr'>cede</span> <span class='ocrx_word' id='word_1_279' title='bbox 962 3782 1170 3842; x_wconf 85' lang='lat' dir='ltr'>acceperunt,</span> <span class='ocrx_word' id='word_1_280' title='bbox 1199 3790 1267 3828; x_wconf 87' lang='lat' dir='ltr'>eum</span> <span class='ocrx_word' id='word_1_281' title='bbox 1284 3785 1345 3848; x_wconf 82' lang='lat' dir='ltr'>put·</span> 
     </span>
     <span class='ocr_line' id='line_1_34' title="bbox 328 3851 1344 3945; baseline 0.017 -36"><span class='ocrx_word' id='word_1_282' title='bbox 328 3854 369 3912; x_wconf 85' lang='lat' dir='ltr'>tri</span> <span class='ocrx_word' id='word_1_283' title='bbox 394 3851 515 3911; x_wconf 87' lang='lat' dir='ltr'>Dictaei</span> <span class='ocrx_word' id='word_1_284' title='bbox 542 3852 650 3934; x_wconf 85' lang='lat' dir='ltr'>religio</span> <span class='ocrx_word' id='word_1_285' title='bbox 679 3869 709 3914; x_wconf 90' lang='lat' dir='ltr'>et</span> <span class='ocrx_word' id='word_1_286' title='bbox 731 3873 822 3934; x_wconf 87' lang='lat' dir='ltr'>apum</span> <span class='ocrx_word' id='word_1_287' title='bbox 863 3883 930 3922; x_wconf 88' lang='lat' dir='ltr'>rum</span> <span class='ocrx_word' id='word_1_288' title='bbox 954 3863 1028 3922; x_wconf 88' lang='lat' dir='ltr'>olim</span> <span class='ocrx_word' id='word_1_289' title='bbox 1047 3886 1231 3945; x_wconf 75' lang='lat' dir='ltr'>paverant.</span> <span class='ocrx_word' id='word_1_290' title='bbox 1269 3871 1344 3929; x_wconf 86' lang='lat' dir='ltr'>Nune</span> 
     </span>
     <span class='ocr_line' id='line_1_35' title="bbox 326 3955 1342 4055; baseline 0.018 -45"><span class='ocrx_word' id='word_1_291' title='bbox 326 3955 362 4011; x_wconf 91' lang='lat' dir='ltr'>in</span> <span class='ocrx_word' id='word_1_292' title='bbox 377 3973 415 4012; x_wconf 90' lang='lat' dir='ltr'>eo</span> <span class='ocrx_word' id='word_1_293' title='bbox 429 3957 567 4013; x_wconf 86' lang='lat' dir='ltr'>examina</span> <span class='ocrx_word' id='word_1_294' title='bbox 583 3970 822 4036; x_wconf 84' lang='lat' dir='ltr'>certoquetem·</span> <span class='ocrx_word' id='word_1_295' title='bbox 862 3966 990 4025; x_wconf 88' lang='lat' dir='ltr'>relatiue</span> <span class='ocrx_word' id='word_1_296' title='bbox 1009 3967 1188 4046; x_wconf 91' lang='lat' dir='ltr'>redditum,</span> <span class='ocrx_word' id='word_1_297' title='bbox 1211 3996 1273 4055; x_wconf 78' lang='lat' dir='ltr'>pro</span> <span class='ocrx_word' id='word_1_298' title='bbox 1290 3988 1342 4055; x_wconf 76' lang='lat' dir='ltr'>qua</span> 
     </span>
     <span class='ocr_line' id='line_1_36' title="bbox 326 4056 1341 4156; baseline 0.025 -43"><span class='ocrx_word' id='word_1_299' title='bbox 326 4074 405 4134; x_wconf 86' lang='lat' dir='ltr'>pore</span> <span class='ocrx_word' id='word_1_300' title='bbox 433 4059 620 4146; x_wconf 88' lang='lat' dir='ltr'>erumpentis</span> <span class='ocrx_word' id='word_1_301' title='bbox 648 4061 726 4139; x_wconf 85' lang='lat' dir='ltr'>ignis</span> <span class='ocrx_word' id='word_1_302' title='bbox 748 4081 822 4140; x_wconf 90' lang='lat' dir='ltr'>pro·</span> <span class='ocrx_word' id='word_1_303' title='bbox 863 4089 909 4140; x_wconf 88' lang='lat' dir='ltr'>re,</span> <span class='ocrx_word' id='word_1_304' title='bbox 928 4056 991 4148; x_wconf 74' lang='lat' dir='ltr'>pro</span> <span class='ocrx_word' id='word_1_305' title='bbox 1011 4091 1080 4152; x_wconf 82' lang='lat' dir='ltr'>qua</span> <span class='ocrx_word' id='word_1_306' title='bbox 1104 4077 1271 4146; x_wconf 80' lang='lat' dir='ltr'>mercede,</span> <span class='ocrx_word' id='word_1_307' title='bbox 1296 4091 1341 4156; x_wconf 77' lang='lat' dir='ltr'>pro</span> 
     </span>
     <span class='ocr_line' id='line_1_37' title="bbox 326 4154 1340 4256; baseline 0.023 -38"><span class='ocrx_word' id='word_1_308' title='bbox 326 4154 454 4240; x_wconf 84' lang='lat' dir='ltr'>digium.</span> <span class='ocrx_word' id='word_1_309' title='bbox 483 4179 511 4226; x_wconf 88' lang='lat' dir='ltr'>v.</span> <span class='ocrx_word' id='word_1_310' title='bbox 524 4159 672 4223; x_wconf 81' lang='lat' dir='ltr'>Antonin</span> <span class='ocrx_word' id='word_1_311' title='bbox 685 4160 754 4224; x_wconf 87' lang='lat' dir='ltr'>Lib.</span> <span class='ocrx_word' id='word_1_312' title='bbox 771 4188 820 4250; x_wconf 85' lang='lat'>19·</span> <span class='ocrx_word' id='word_1_313' title='bbox 862 4190 902 4233; x_wconf 86' lang='lat' dir='ltr'>eo</span> <span class='ocrx_word' id='word_1_314' title='bbox 920 4171 1006 4256; x_wconf 89' lang='lat' dir='ltr'>quod</span> <span class='ocrx_word' id='word_1_315' title='bbox 1026 4194 1165 4256; x_wconf 83' lang='lat' dir='ltr'>pauere;</span> <span class='ocrx_word' id='word_1_316' title='bbox 1190 4185 1226 4246; x_wconf 88' lang='lat' dir='ltr'>in</span> <span class='ocrx_word' id='word_1_317' title='bbox 1244 4196 1340 4241; x_wconf 74' lang='lat' dir='ltr'>mertr-</span> 
     </span>
    </p>
   </div>
   <div class='ocr_carea' id='block_1_8' title="bbox 0 0 1354 4903">
    <p class='ocr_par' dir='ltr' id='par_1_8' title="bbox 0 0 1354 4903">
     <span class='ocr_line' id='line_1_38' title="bbox 0 0 1354 4903; baseline 0 0"><span class='ocrx_word' id='word_1_318' title='bbox 0 0 1354 4903; x_wconf 95' lang='lat' dir='ltr'> </span> 
     </span>
    </p>
   </div>
  </div>
 </body>
</html>
