<?xml version="1.0" encoding="UTF-8"?>
<!DOCTYPE html PUBLIC "-//W3C//DTD XHTML 1.0 Transitional//EN"
    "http://www.w3.org/TR/xhtml1/DTD/xhtml1-transitional.dtd">
<html xmlns="http://www.w3.org/1999/xhtml" xml:lang="en" lang="en">
 <head>
  <title>
</title>
<meta http-equiv="Content-Type" content="text/html;charset=utf-8" />
  <meta name='ocr-system' content='tesseract 3.04.00' />
  <meta name='ocr-capabilities' content='ocr_page ocr_carea ocr_par ocr_line ocrx_word'/>
</head>
<body>
  <div class='ocr_page' id='page_1' title='image "./pvirgilivsmarov00virggoog_0816.png"; bbox 0 0 2692 4914; ppageno 0'>
   <div class='ocr_carea' id='block_1_1' title="bbox 10 305 1104 434">
    <p class='ocr_par' dir='ltr' id='par_1_1' title="bbox 10 305 1104 434">
     <span class='ocr_line' id='line_1_1' title="bbox 10 305 1104 434; baseline 0 -29"><span class='ocrx_word' id='word_1_1' title='bbox 10 305 24 377; x_wconf 70' lang='lat' dir='ltr'><strong>l</strong></span> <span class='ocrx_word' id='word_1_2' title='bbox 157 331 953 424; x_wconf 69' lang='lat' dir='ltr'><strong>caoaercouura.1v,455-raa</strong></span> <span class='ocrx_word' id='word_1_3' title='bbox 1028 343 1104 434; x_wconf 72' lang='lat'><strong>747</strong></span> 
     </span>
    </p>
   </div>
   <div class='ocr_carea' id='block_1_2' title="bbox 10 516 1104 758">
    <p class='ocr_par' dir='ltr' id='par_1_2' title="bbox 10 516 1104 758">
     <span class='ocr_line' id='line_1_2' title="bbox 10 516 953 622; baseline -0.003 -24"><span class='ocrx_word' id='word_1_4' title='bbox 10 523 12 564; x_wconf 69' lang='lat'><em>³</em></span> <span class='ocrx_word' id='word_1_5' title='bbox 66 522 292 598; x_wconf 88' lang='lat' dir='ltr'><strong>Seruantem</strong></span> <span class='ocrx_word' id='word_1_6' title='bbox 314 524 411 622; x_wconf 88' lang='lat' dir='ltr'>ripas</span> <span class='ocrx_word' id='word_1_7' title='bbox 441 519 514 592; x_wconf 91' lang='lat' dir='ltr'><strong>alta</strong></span> <span class='ocrx_word' id='word_1_8' title='bbox 539 545 619 593; x_wconf 91' lang='lat' dir='ltr'><strong>non</strong></span> <span class='ocrx_word' id='word_1_9' title='bbox 643 516 734 592; x_wconf 89' lang='lat' dir='ltr'><strong>vidit</strong></span> <span class='ocrx_word' id='word_1_10' title='bbox 760 523 801 591; x_wconf 89' lang='lat' dir='ltr'><strong>in</strong></span> <span class='ocrx_word' id='word_1_11' title='bbox 825 518 953 594; x_wconf 88' lang='lat' dir='ltr'><strong>herba.</strong></span> 
     </span>
     <span class='ocr_line' id='line_1_3' title="bbox 63 652 1104 758; baseline 0.001 -27"><span class='ocrx_word' id='word_1_12' title='bbox 63 656 119 731; x_wconf 84' lang='lat' dir='ltr'><strong>At</strong></span> <span class='ocrx_word' id='word_1_13' title='bbox 160 655 298 732; x_wconf 82' lang='lat' dir='ltr'><strong>chorus</strong></span> <span class='ocrx_word' id='word_1_14' title='bbox 337 655 503 755; x_wconf 85' lang='lat' dir='ltr'><strong>aequalis</strong></span> <span class='ocrx_word' id='word_1_15' title='bbox 541 654 738 749; x_wconf 84' lang='lat' dir='ltr'>Dryadum</span> <span class='ocrx_word' id='word_1_16' title='bbox 780 653 946 730; x_wconf 83' lang='lat' dir='ltr'><strong>clamore</strong></span> <span class='ocrx_word' id='word_1_17' title='bbox 981 652 1104 758; x_wconf 81' lang='lat' dir='ltr'><strong>supre-</strong></span> 
     </span>
    </p>
   </div>
   <div class='ocr_carea' id='block_1_3' title="bbox 60 795 1118 1293">
    <p class='ocr_par' dir='ltr' id='par_1_3' title="bbox 60 795 1118 1293">
     <span class='ocr_line' id='line_1_4' title="bbox 689 795 1103 876; baseline 0.017 -16"><span class='ocrx_word' id='word_1_18' title='bbox 689 813 772 861; x_wconf 89' lang='lat' dir='ltr'><strong>mos</strong></span> <span class='ocrx_word' id='word_1_19' title='bbox 1028 795 1103 876; x_wconf 84' lang='grc'><strong>460</strong></span> 
     </span>
     <span class='ocr_line' id='line_1_5' title="bbox 61 921 1118 1024; baseline 0.004 -27"><span class='ocrx_word' id='word_1_20' title='bbox 61 921 262 1024; x_wconf 74' lang='lat' dir='ltr'><strong>inplerunt</strong></span> <span class='ocrx_word' id='word_1_21' title='bbox 287 924 443 1011; x_wconf 81' lang='lat' dir='ltr'><strong>montis3</strong></span> <span class='ocrx_word' id='word_1_22' title='bbox 503 921 640 996; x_wconf 86' lang='lat' dir='ltr'><strong>flerunt</strong></span> <span class='ocrx_word' id='word_1_23' title='bbox 667 922 913 1023; x_wconf 85' lang='lat' dir='ltr'>Rhodopeiae</span> <span class='ocrx_word' id='word_1_24' title='bbox 937 949 1051 1018; x_wconf 86' lang='lat' dir='ltr'><strong>arces,</strong></span> <span class='ocrx_word' id='word_1_25' title='bbox 1117 1006 1118 1010; x_wconf 11' lang='lat'>¹</span> 
     </span>
     <span class='ocr_line' id='line_1_6' title="bbox 63 1053 1000 1158; baseline 0 -25"><span class='ocrx_word' id='word_1_26' title='bbox 63 1057 229 1158; x_wconf 84' lang='lat' dir='ltr'><strong>Altaque</strong></span> <span class='ocrx_word' id='word_1_27' title='bbox 250 1059 438 1156; x_wconf 88' lang='lat' dir='ltr'><strong>Pangaea,</strong></span> <span class='ocrx_word' id='word_1_28' title='bbox 483 1076 521 1130; x_wconf 95' lang='lat' dir='ltr'><strong>et</strong></span> <span class='ocrx_word' id='word_1_29' title='bbox 541 1053 649 1129; x_wconf 82' lang='lat' dir='ltr'><strong>Rhest</strong></span> <span class='ocrx_word' id='word_1_30' title='bbox 672 1060 857 1130; x_wconf 86' lang='lat' dir='ltr'><strong>Mauortia</strong></span> <span class='ocrx_word' id='word_1_31' title='bbox 881 1058 1000 1151; x_wconf 92' lang='lat' dir='ltr'><strong>tellus,</strong></span> 
     </span>
     <span class='ocr_line' id='line_1_7' title="bbox 60 1192 1103 1293; baseline 0.002 -25"><span class='ocrx_word' id='word_1_32' title='bbox 60 1195 192 1293; x_wconf 84' lang='lat' dir='ltr'><strong>Atque</strong></span> <span class='ocrx_word' id='word_1_33' title='bbox 204 1192 350 1284; x_wconf 72' lang='lat' dir='ltr'><strong>Betae,</strong></span> <span class='ocrx_word' id='word_1_34' title='bbox 390 1209 505 1290; x_wconf 92' lang='lat' dir='ltr'><strong>atque</strong></span> <span class='ocrx_word' id='word_1_35' title='bbox 524 1192 689 1282; x_wconf 82' lang='lat' dir='ltr'><strong>Hebrus,</strong></span> <span class='ocrx_word' id='word_1_36' title='bbox 721 1210 757 1263; x_wconf 89' lang='lat' dir='ltr'><strong>et</strong></span> <span class='ocrx_word' id='word_1_37' title='bbox 777 1196 900 1266; x_wconf 87' lang='lat' dir='ltr'><strong>Actias</strong></span> <span class='ocrx_word' id='word_1_38' title='bbox 923 1196 1103 1291; x_wconf 83' lang='lat' dir='ltr'><strong>Orithyia.</strong></span> 
     </span>
    </p>
   </div>
   <div class='ocr_carea' id='block_1_4' title="bbox 59 1394 1256 2253">
    <p class='ocr_par' dir='ltr' id='par_1_4' title="bbox 59 1394 1256 2253">
     <span class='ocr_line' id='line_1_8' title="bbox 146 1394 1256 1479; baseline 0.007 -20"><span class='ocrx_word' id='word_1_39' title='bbox 146 1408 199 1478; x_wconf 80' lang='grc'><strong>459</strong></span> <span class='ocrx_word' id='word_1_40' title='bbox 217 1413 249 1459; x_wconf 84' lang='lat' dir='ltr'><strong>in</strong></span> <span class='ocrx_word' id='word_1_41' title='bbox 270 1406 373 1458; x_wconf 70' lang='lat' dir='ltr'><strong>‘umbra</strong></span> <span class='ocrx_word' id='word_1_42' title='bbox 393 1403 541 1458; x_wconf 80' lang='lat' dir='ltr'><strong>Zalichem.</strong></span> <span class='ocrx_word' id='word_1_43' title='bbox 565 1422 581 1457; x_wconf 87' lang='lat' dir='ltr'><strong>a</strong></span> <span class='ocrx_word' id='word_1_44' title='bbox 602 1424 639 1458; x_wconf 88' lang='lat' dir='ltr'><strong>m.</strong></span> <span class='ocrx_word' id='word_1_45' title='bbox 659 1424 699 1473; x_wconf 89' lang='lat' dir='ltr'><strong>pr.</strong></span> <span class='ocrx_word' id='word_1_46' title='bbox 782 1407 832 1472; x_wconf 83' lang='grc'><strong>460</strong></span> <span class='ocrx_word' id='word_1_47' title='bbox 852 1412 968 1479; x_wconf 77' lang='lat' dir='ltr'><strong>aequali</strong></span> <span class='ocrx_word' id='word_1_48' title='bbox 987 1411 1101 1474; x_wconf 81' lang='lat' dir='ltr'><strong>Roman,</strong></span> <span class='ocrx_word' id='word_1_49' title='bbox 1130 1394 1135 1401; x_wconf 34' lang='grc' dir='ltr'>Ι</span> <span class='ocrx_word' id='word_1_50' title='bbox 1183 1427 1186 1432; x_wconf 87' lang='grc'><em>“</em></span> <span class='ocrx_word' id='word_1_51' title='bbox 1254 1433 1256 1441; x_wconf 74' lang='grc'><strong>“</strong></span> 
     </span>
     <span class='ocr_line' id='line_1_9' title="bbox 62 1490 1104 1562; baseline 0.004 -14"><span class='ocrx_word' id='word_1_52' title='bbox 62 1494 194 1548; x_wconf 76' lang='lat' dir='ltr'><strong>clamore</strong></span> <span class='ocrx_word' id='word_1_53' title='bbox 216 1492 352 1562; x_wconf 82' lang='lat' dir='ltr'><strong>supremo</strong></span> <span class='ocrx_word' id='word_1_54' title='bbox 374 1491 510 1544; x_wconf 77' lang='lat' dir='ltr'><strong>Romanus</strong></span> <span class='ocrx_word' id='word_1_55' title='bbox 536 1507 562 1545; x_wconf 82' lang='lat' dir='ltr'><strong>et</strong></span> <span class='ocrx_word' id='word_1_56' title='bbox 585 1491 629 1542; x_wconf 88' lang='lat' dir='ltr'><strong>alii</strong></span> <span class='ocrx_word' id='word_1_57' title='bbox 650 1490 743 1553; x_wconf 81' lang='lat' dir='ltr'><strong>Pierii;</strong></span> <span class='ocrx_word' id='word_1_58' title='bbox 789 1508 815 1544; x_wconf 80' lang='lat' dir='ltr'><strong>vt</strong></span> <span class='ocrx_word' id='word_1_59' title='bbox 841 1490 873 1545; x_wconf 84' lang='lat' dir='ltr'><strong>stt</strong></span> <span class='ocrx_word' id='word_1_60' title='bbox 894 1493 994 1548; x_wconf 85' lang='lat' dir='ltr'><strong>clamor</strong></span> <span class='ocrx_word' id='word_1_61' title='bbox 1010 1497 1054 1551; x_wconf 86' lang='lat' dir='ltr'><strong>ille</strong></span> <span class='ocrx_word' id='word_1_62' title='bbox 1076 1501 1104 1552; x_wconf 86' lang='lat' dir='ltr'><strong>in</strong></span> 
     </span>
     <span class='ocr_line' id='line_1_10' title="bbox 60 1575 1105 1648; baseline 0.004 -15"><span class='ocrx_word' id='word_1_63' title='bbox 60 1578 158 1633; x_wconf 80' lang='lat' dir='ltr'><strong>funere</strong></span> <span class='ocrx_word' id='word_1_64' title='bbox 178 1576 220 1630; x_wconf 79' lang='lat' dir='ltr'><strong>edi</strong></span> <span class='ocrx_word' id='word_1_65' title='bbox 242 1576 346 1638; x_wconf 54' lang='lat' dir='ltr'><strong>tontum</strong></span> <span class='ocrx_word' id='word_1_66' title='bbox 393 1575 437 1628; x_wconf 88' lang='lat' dir='ltr'><strong>sed</strong></span> <span class='ocrx_word' id='word_1_67' title='bbox 465 1576 531 1630; x_wconf 86' lang='lat' dir='ltr'><strong>haec</strong></span> <span class='ocrx_word' id='word_1_68' title='bbox 557 1576 768 1630; x_wconf 72' lang='lat' dir='ltr'><strong>Statiialicuiua</strong></span> <span class='ocrx_word' id='word_1_69' title='bbox 795 1578 923 1648; x_wconf 73' lang='lat' dir='ltr'>elegantia</span> <span class='ocrx_word' id='word_1_70' title='bbox 942 1579 1017 1645; x_wconf 80' lang='lat' dir='ltr'><strong>effer,</strong></span> <span class='ocrx_word' id='word_1_71' title='bbox 1048 1603 1105 1637; x_wconf 86' lang='lat' dir='ltr'><strong>nou</strong></span> 
     </span>
     <span class='ocr_line' id='line_1_11' title="bbox 60 1654 1103 1739; baseline 0.007 -22"><span class='ocrx_word' id='word_1_72' title='bbox 60 1664 185 1734; x_wconf 54' lang='lat' dir='ltr'><strong>virgilie</strong></span> <span class='ocrx_word' id='word_1_73' title='bbox 218 1680 279 1714; x_wconf 86' lang='lat' dir='ltr'><strong>nam</strong></span> <span class='ocrx_word' id='word_1_74' title='bbox 295 1663 338 1714; x_wconf 88' lang='lat' dir='ltr'><strong>hic</strong></span> <span class='ocrx_word' id='word_1_75' title='bbox 357 1654 390 1713; x_wconf 85' lang='lat' dir='ltr'><strong>de</strong></span> <span class='ocrx_word' id='word_1_76' title='bbox 408 1662 608 1715; x_wconf 75' lang='lat' dir='ltr'>discurrentium</span> <span class='ocrx_word' id='word_1_77' title='bbox 633 1661 819 1733; x_wconf 75' lang='lat' dir='ltr'><strong>Nympharum</strong></span> <span class='ocrx_word' id='word_1_78' title='bbox 844 1663 981 1719; x_wconf 74' lang='lat' dir='ltr'><strong>eiulatibus</strong></span> <span class='ocrx_word' id='word_1_79' title='bbox 1010 1671 1103 1739; x_wconf 85' lang='lat' dir='ltr'><strong>agitur.</strong></span> 
     </span>
     <span class='ocr_line' id='line_1_12' title="bbox 59 1747 1160 1818; baseline 0.002 -15"><span class='ocrx_word' id='word_1_80' title='bbox 59 1750 148 1804; x_wconf 79' lang='lat' dir='ltr'><strong>Recte</strong></span> <span class='ocrx_word' id='word_1_81' title='bbox 169 1747 300 1818; x_wconf 76' lang='lat' dir='ltr'><strong>vulgatam</strong></span> <span class='ocrx_word' id='word_1_82' title='bbox 324 1747 463 1801; x_wconf 75' lang='lat' dir='ltr'><strong>confirmat</strong></span> <span class='ocrx_word' id='word_1_83' title='bbox 483 1748 588 1800; x_wconf 77' lang='lat' dir='ltr'><strong>Nonius</strong></span> <span class='ocrx_word' id='word_1_84' title='bbox 609 1749 636 1799; x_wconf 93' lang='lat' dir='ltr'><strong>in</strong></span> <span class='ocrx_word' id='word_1_85' title='bbox 654 1751 812 1817; x_wconf 77' lang='lat' dir='ltr'><strong>supremus.</strong></span> <span class='ocrx_word' id='word_1_86' title='bbox 901 1754 994 1817; x_wconf 73' lang='lat'>4611.</span> <span class='ocrx_word' id='word_1_87' title='bbox 1018 1756 1107 1809; x_wconf 74' lang='lat' dir='ltr'><strong>colles</strong></span> <span class='ocrx_word' id='word_1_88' title='bbox 1150 1787 1160 1805; x_wconf 90' lang='lat'>.</span> 
     </span>
     <span class='ocr_line' id='line_1_13' title="bbox 59 1832 1103 1902; baseline 0.009 -16"><span class='ocrx_word' id='word_1_89' title='bbox 59 1836 136 1888; x_wconf 83' lang='lat' dir='ltr'><strong>Ven.</strong></span> <span class='ocrx_word' id='word_1_90' title='bbox 151 1832 267 1886; x_wconf 86' lang='lat' dir='ltr'><strong>Parrhal&#39;.</strong></span> <span class='ocrx_word' id='word_1_91' title='bbox 306 1833 505 1902; x_wconf 80' lang='lat' dir='ltr'><strong>Rhodopaeae</strong></span> <span class='ocrx_word' id='word_1_92' title='bbox 524 1852 563 1902; x_wconf 84' lang='lat' dir='ltr'><strong>pr.</strong></span> <span class='ocrx_word' id='word_1_93' title='bbox 580 1833 722 1896; x_wconf 82' lang='lat' dir='ltr'><strong>Rotteud.‚</strong></span> <span class='ocrx_word' id='word_1_94' title='bbox 750 1834 828 1885; x_wconf 89' lang='lat' dir='ltr'><strong>male.</strong></span> <span class='ocrx_word' id='word_1_95' title='bbox 883 1833 928 1888; x_wconf 81' lang='lat' dir='ltr'><strong>Est</strong></span> <span class='ocrx_word' id='word_1_96' title='bbox 946 1834 1103 1902; x_wconf 72' lang='lat' dir='ltr'><strong>&#39;Podomims-</strong></span> 
     </span>
     <span class='ocr_line' id='line_1_14' title="bbox 59 1918 1103 1997; baseline 0.007 -27"><span class='ocrx_word' id='word_1_97' title='bbox 59 1922 119 1989; x_wconf 70' lang='lat'><strong>462</strong></span> <span class='ocrx_word' id='word_1_98' title='bbox 137 1923 289 1990; x_wconf 81' lang='lat' dir='ltr'><strong>Antraque</strong></span> <span class='ocrx_word' id='word_1_99' title='bbox 303 1919 441 1989; x_wconf 82' lang='lat' dir='ltr'><strong>Pangaeo</strong></span> <span class='ocrx_word' id='word_1_100' title='bbox 456 1918 559 1971; x_wconf 86' lang='lat' dir='ltr'><strong>Zulich.</strong></span> <span class='ocrx_word' id='word_1_101' title='bbox 576 1919 660 1971; x_wconf 83' lang='lat' dir='ltr'><strong>Goth.</strong></span> <span class='ocrx_word' id='word_1_102' title='bbox 675 1920 724 1971; x_wconf 85' lang='lat' dir='ltr'><strong>lec.</strong></span> <span class='ocrx_word' id='word_1_103' title='bbox 770 1921 925 1990; x_wconf 82' lang='lat' dir='ltr'><strong>Pangaeae</strong></span> <span class='ocrx_word' id='word_1_104' title='bbox 937 1921 1048 1977; x_wconf 85' lang='lat' dir='ltr'><strong>Mentel.</strong></span> <span class='ocrx_word' id='word_1_105' title='bbox 1064 1944 1103 1997; x_wconf 84' lang='lat' dir='ltr'><strong>pr.</strong></span> 
     </span>
     <span class='ocr_line' id='line_1_15' title="bbox 60 2001 1105 2064; baseline 0.002 -7"><span class='ocrx_word' id='word_1_106' title='bbox 60 2005 224 2062; x_wconf 82' lang='lat' dir='ltr'><strong>Panchaea</strong></span> <span class='ocrx_word' id='word_1_107' title='bbox 238 2001 335 2057; x_wconf 83' lang='lat' dir='ltr'><strong>Medic.</strong></span> <span class='ocrx_word' id='word_1_108' title='bbox 373 2003 633 2056; x_wconf 58' lang='lat' dir='ltr'><strong>Paracata-trane.</strong></span> <span class='ocrx_word' id='word_1_109' title='bbox 672 2003 815 2057; x_wconf 76' lang='lat' dir='ltr'><strong>Pentheia</strong></span> <span class='ocrx_word' id='word_1_110' title='bbox 829 2004 913 2058; x_wconf 86' lang='lat' dir='ltr'><strong>Goth.</strong></span> <span class='ocrx_word' id='word_1_111' title='bbox 935 2005 983 2059; x_wconf 86' lang='lat' dir='ltr'><strong>lac.</strong></span> <span class='ocrx_word' id='word_1_112' title='bbox 1028 2011 1105 2064; x_wconf 67' lang='lat' dir='ltr'><strong>Pan.</strong></span> 
     </span>
     <span class='ocr_line' id='line_1_16' title="bbox 62 2086 1105 2167; baseline 0.004 -22"><span class='ocrx_word' id='word_1_113' title='bbox 62 2093 135 2146; x_wconf 80' lang='lat' dir='ltr'><strong>chat</strong></span> <span class='ocrx_word' id='word_1_114' title='bbox 149 2093 246 2167; x_wconf 76' lang='lat' dir='ltr'><strong>Rom,</strong></span> <span class='ocrx_word' id='word_1_115' title='bbox 274 2104 301 2142; x_wconf 85' lang='lat' dir='ltr'><strong>at</strong></span> <span class='ocrx_word' id='word_1_116' title='bbox 315 2087 372 2141; x_wconf 85' lang='lat' dir='ltr'><strong>sunt</strong></span> <span class='ocrx_word' id='word_1_117' title='bbox 396 2091 432 2144; x_wconf 74' lang='grc' dir='ltr'><strong>πὶ</strong></span> <span class='ocrx_word' id='word_1_118' title='bbox 452 2095 584 2158; x_wconf 77' lang='grc' dir='ltr'><strong><em>Παγγιῖα</em></strong></span> <span class='ocrx_word' id='word_1_119' title='bbox 611 2086 666 2158; x_wconf 62' lang='grc' dir='ltr'><strong>ἔφη.</strong></span> <span class='ocrx_word' id='word_1_120' title='bbox 746 2090 798 2155; x_wconf 75' lang='grc'><strong>465</strong></span> <span class='ocrx_word' id='word_1_121' title='bbox 817 2103 844 2140; x_wconf 84' lang='lat' dir='ltr'><strong>et</strong></span> <span class='ocrx_word' id='word_1_122' title='bbox 860 2092 962 2143; x_wconf 69' lang='lat' dir='ltr'><strong>Actias</strong></span> <span class='ocrx_word' id='word_1_123' title='bbox 982 2093 1105 2150; x_wconf 77' lang='lat' dir='ltr'><strong>Heinfiua</strong></span> 
     </span>
     <span class='ocr_line' id='line_1_17' title="bbox 59 2173 1106 2253; baseline -0.003 -23"><span class='ocrx_word' id='word_1_124' title='bbox 59 2176 125 2253; x_wconf 84' lang='lat' dir='ltr'><strong>post</strong></span> <span class='ocrx_word' id='word_1_125' title='bbox 138 2176 252 2229; x_wconf 86' lang='lat' dir='ltr'><strong>Pierium</strong></span> <span class='ocrx_word' id='word_1_126' title='bbox 273 2177 393 2226; x_wconf 88' lang='lat' dir='ltr'><strong>omnium</strong></span> <span class='ocrx_word' id='word_1_127' title='bbox 415 2175 494 2227; x_wconf 87' lang='lat' dir='ltr'><strong>codd.</strong></span> <span class='ocrx_word' id='word_1_128' title='bbox 517 2173 655 2235; x_wconf 82' lang='lat' dir='ltr'><strong>consensu,</strong></span> <span class='ocrx_word' id='word_1_129' title='bbox 682 2174 773 2246; x_wconf 78' lang='lat' dir='ltr'><strong>paucio</strong></span> <span class='ocrx_word' id='word_1_130' title='bbox 794 2174 921 2245; x_wconf 71' lang='lat' dir='ltr'><strong>exceptis,</strong></span> <span class='ocrx_word' id='word_1_131' title='bbox 951 2178 996 2249; x_wconf 90' lang='lat' dir='ltr'><strong>qui</strong></span> <span class='ocrx_word' id='word_1_132' title='bbox 1017 2180 1106 2252; x_wconf 79' lang='lat' dir='ltr'><strong>vulga.</strong></span> 
     </span>
    </p>
   </div>
   <div class='ocr_carea' id='block_1_5' title="bbox 58 2259 1106 2414">
    <p class='ocr_par' dir='ltr' id='par_1_5' title="bbox 58 2259 1106 2414">
     <span class='ocr_line' id='line_1_18' title="bbox 59 2259 1106 2332; baseline 0.004 -16"><span class='ocrx_word' id='word_1_133' title='bbox 59 2282 122 2316; x_wconf 80' lang='lat' dir='ltr'><strong>rem</strong></span> <span class='ocrx_word' id='word_1_134' title='bbox 140 2260 375 2332; x_wconf 79' lang='lat' dir='ltr'>interpolationem</span> <span class='ocrx_word' id='word_1_135' title='bbox 399 2259 556 2332; x_wconf 83' lang='lat' dir='ltr'><strong>sequuntur:</strong></span> <span class='ocrx_word' id='word_1_136' title='bbox 597 2275 682 2328; x_wconf 83' lang='lat' dir='ltr'><strong>arque</strong></span> <span class='ocrx_word' id='word_1_137' title='bbox 701 2262 811 2312; x_wconf 74' lang='lat' dir='ltr'><strong>Aeetas.</strong></span> <span class='ocrx_word' id='word_1_138' title='bbox 837 2326 840 2330; x_wconf 18' lang='grc' dir='ltr'><em>Α</em></span> <span class='ocrx_word' id='word_1_139' title='bbox 862 2260 941 2314; x_wconf 83' lang='lat' dir='ltr'><strong>Ratio</strong></span> <span class='ocrx_word' id='word_1_140' title='bbox 963 2263 1055 2318; x_wconf 81' lang='lat' dir='ltr'><strong>eadem</strong></span> <span class='ocrx_word' id='word_1_141' title='bbox 1075 2285 1106 2320; x_wconf 85' lang='lat' dir='ltr'><strong>ac</strong></span> 
     </span>
     <span class='ocr_line' id='line_1_19' title="bbox 58 2344 1106 2414; baseline 0.004 -13"><span class='ocrx_word' id='word_1_142' title='bbox 58 2367 85 2401; x_wconf 81' lang='lat' dir='ltr'><strong>v.</strong></span> <span class='ocrx_word' id='word_1_143' title='bbox 101 2349 163 2414; x_wconf 76' lang='lat'><strong>343.</strong></span> <span class='ocrx_word' id='word_1_144' title='bbox 202 2345 345 2400; x_wconf 64' lang='lat' dir='ltr'><strong>«caetras</strong></span> <span class='ocrx_word' id='word_1_145' title='bbox 368 2346 482 2398; x_wconf 77' lang='lat' dir='ltr'><strong>Orithia</strong></span> <span class='ocrx_word' id='word_1_146' title='bbox 503 2345 677 2396; x_wconf 82' lang='lat' dir='ltr'><strong>Franc.Toll.</strong></span> <span class='ocrx_word' id='word_1_147' title='bbox 718 2344 853 2397; x_wconf 74' lang='lat' dir='ltr'><strong>Orinthr&#39;a</strong></span> <span class='ocrx_word' id='word_1_148' title='bbox 868 2346 951 2399; x_wconf 82' lang='lat' dir='ltr'><strong>Gorlr.</strong></span> <span class='ocrx_word' id='word_1_149' title='bbox 966 2347 1015 2402; x_wconf 85' lang='lat' dir='ltr'><strong>sec.</strong></span> <span class='ocrx_word' id='word_1_150' title='bbox 1049 2354 1106 2405; x_wconf 85' lang='lat' dir='ltr'><strong>He·</strong></span> 
     </span>
    </p>
   </div>
   <div class='ocr_carea' id='block_1_6' title="bbox 16 2430 1107 2586">
    <p class='ocr_par' dir='ltr' id='par_1_6' title="bbox 16 2430 1107 2586">
     <span class='ocr_line' id='line_1_20' title="bbox 16 2430 1107 2519; baseline 0.007 -33"><span class='ocrx_word' id='word_1_151' title='bbox 16 2507 25 2519; x_wconf 30' lang='lat' dir='ltr'><em>r</em></span> <span class='ocrx_word' id='word_1_152' title='bbox 62 2434 153 2486; x_wconf 73' lang='lat' dir='ltr'><strong>burres</strong></span> <span class='ocrx_word' id='word_1_153' title='bbox 175 2447 201 2485; x_wconf 85' lang='lat' dir='ltr'><strong>et</strong></span> <span class='ocrx_word' id='word_1_154' title='bbox 217 2430 339 2501; x_wconf 77' lang='lat' dir='ltr'><strong>Orthyta</strong></span> <span class='ocrx_word' id='word_1_155' title='bbox 351 2430 431 2482; x_wconf 82' lang='lat' dir='ltr'><strong>llom.</strong></span> <span class='ocrx_word' id='word_1_156' title='bbox 468 2433 503 2484; x_wconf 79' lang='lat' dir='ltr'><strong>At</strong></span> <span class='ocrx_word' id='word_1_157' title='bbox 515 2430 647 2483; x_wconf 76' lang='lat' dir='ltr'><strong>Graecum</strong></span> <span class='ocrx_word' id='word_1_158' title='bbox 665 2430 748 2485; x_wconf 78' lang='lat' dir='ltr'><strong>foret:</strong></span> <span class='ocrx_word' id='word_1_159' title='bbox 783 2431 846 2487; x_wconf 69' lang='grc' dir='ltr'><strong>Ἡδὲ</strong></span> <span class='ocrx_word' id='word_1_160' title='bbox 866 2437 887 2487; x_wconf 83' lang='grc' dir='ltr'><strong>Γ</strong></span> <span class='ocrx_word' id='word_1_161' title='bbox 888 2435 947 2489; x_wconf 70' lang='lat' dir='ltr'><strong>drot</strong></span> <span class='ocrx_word' id='word_1_162' title='bbox 959 2433 998 2500; x_wconf 72' lang='grc' dir='ltr'><strong>ἡδ’</strong></span> <span class='ocrx_word' id='word_1_163' title='bbox 1008 2431 1107 2507; x_wconf 71' lang='grc' dir='ltr'><strong><em>Ἐβςοσ</em></strong></span> 
     </span>
     <span class='ocr_line' id='line_1_21' title="bbox 61 2516 688 2586; baseline -0.003 -11"><span class='ocrx_word' id='word_1_164' title='bbox 61 2519 97 2575; x_wconf 76' lang='lat' dir='ltr'><strong>ld’</strong></span> <span class='ocrx_word' id='word_1_165' title='bbox 115 2518 227 2574; x_wconf 64' lang='grc' dir='ltr'><strong>’Λητώ</strong></span> <span class='ocrx_word' id='word_1_166' title='bbox 242 2516 385 2586; x_wconf 61' lang='grc' dir='ltr'><strong>Ὠρείθυια.</strong></span> <span class='ocrx_word' id='word_1_167' title='bbox 684 2544 688 2549; x_wconf 67' lang='lat'><em>-</em></span> 
     </span>
    </p>
   </div>
   <div class='ocr_carea' id='block_1_7' title="bbox 10 2679 1149 4302">
    <p class='ocr_par' dir='ltr' id='par_1_7' title="bbox 10 2679 1149 4302">
     <span class='ocr_line' id='line_1_22' title="bbox 62 2679 1105 2762; baseline 0 -18"><span class='ocrx_word' id='word_1_168' title='bbox 62 2683 216 2744; x_wconf 81' lang='lat' dir='ltr'><strong>Cetemm</strong></span> <span class='ocrx_word' id='word_1_169' title='bbox 233 2695 415 2761; x_wconf 81' lang='lat' dir='ltr'>comparent</span> <span class='ocrx_word' id='word_1_170' title='bbox 431 2679 567 2740; x_wconf 77' lang='lat' dir='ltr'><strong>cultioris</strong></span> <span class='ocrx_word' id='word_1_171' title='bbox 610 2681 689 2738; x_wconf 88' lang='lat' dir='ltr'><strong>ciam</strong></span> <span class='ocrx_word' id='word_1_172' title='bbox 722 2679 857 2739; x_wconf 86' lang='lat' dir='ltr'><strong>lamenta</strong></span> <span class='ocrx_word' id='word_1_173' title='bbox 891 2679 1105 2762; x_wconf 78' lang='lat' dir='ltr'><strong>Nympharum</strong></span> 
     </span>
     <span class='ocr_line' id='line_1_23' title="bbox 60 2777 1105 2870; baseline -0.005 -26"><span class='ocrx_word' id='word_1_174' title='bbox 60 2788 184 2868; x_wconf 85' lang='lat' dir='ltr'><strong>ingenii</strong></span> <span class='ocrx_word' id='word_1_175' title='bbox 203 2783 411 2844; x_wconf 78' lang='lat' dir='ltr'><strong>adolescentes</strong></span> <span class='ocrx_word' id='word_1_176' title='bbox 434 2803 503 2842; x_wconf 89' lang='lat' dir='ltr'><strong>cum</strong></span> <span class='ocrx_word' id='word_1_177' title='bbox 525 2781 566 2864; x_wconf 86' lang='lat' dir='ltr'><strong>sq.</strong></span> <span class='ocrx_word' id='word_1_178' title='bbox 610 2781 712 2839; x_wconf 87' lang='lat' dir='ltr'><strong>audita</strong></span> <span class='ocrx_word' id='word_1_179' title='bbox 733 2780 810 2841; x_wconf 74' lang='lat' dir='ltr'><strong>sunt.</strong></span> <span class='ocrx_word' id='word_1_180' title='bbox 864 2802 976 2851; x_wconf 84' lang='lat' dir='ltr'><strong>arces,</strong></span> <span class='ocrx_word' id='word_1_181' title='bbox 1004 2777 1105 2870; x_wconf 55' lang='lat' dir='ltr'><strong>dapar,</strong></span> 
     </span>
     <span class='ocr_line' id='line_1_24' title="bbox 63 2874 1106 2965; baseline -0.002 -16"><span class='ocrx_word' id='word_1_182' title='bbox 63 2889 163 2949; x_wconf 90' lang='lat' dir='ltr'><strong>Ouid.</strong></span> <span class='ocrx_word' id='word_1_183' title='bbox 178 2888 256 2946; x_wconf 85' lang='lat' dir='ltr'><strong>Met.</strong></span> <span class='ocrx_word' id='word_1_184' title='bbox 272 2887 363 2965; x_wconf 84' lang='lat' dir='ltr'><strong>Xpr.</strong></span> <span class='ocrx_word' id='word_1_185' title='bbox 397 2883 568 2946; x_wconf 80' lang='lat' dir='ltr'><strong>Hermefia-</strong></span> <span class='ocrx_word' id='word_1_186' title='bbox 610 2886 740 2942; x_wconf 82' lang='lat' dir='ltr'><strong>vertices</strong></span> <span class='ocrx_word' id='word_1_187' title='bbox 747 2874 776 2957; x_wconf 71' lang='lat'><strong>,&#39;</strong></span> <span class='ocrx_word' id='word_1_188' title='bbox 805 2904 893 2944; x_wconf 89' lang='lat' dir='ltr'><strong>more</strong></span> <span class='ocrx_word' id='word_1_189' title='bbox 932 2900 1106 2964; x_wconf 88' lang='lat' dir='ltr'><strong>poetarum.</strong></span> 
     </span>
     <span class='ocr_line' id='line_1_25' title="bbox 61 2984 1108 3068; baseline -0.004 -17"><span class='ocrx_word' id='word_1_190' title='bbox 61 3007 192 3053; x_wconf 83' lang='lat' dir='ltr'><strong>nectem</strong></span> <span class='ocrx_word' id='word_1_191' title='bbox 208 3009 258 3068; x_wconf 89' lang='lat' dir='ltr'><strong>ap.</strong></span> <span class='ocrx_word' id='word_1_192' title='bbox 273 2987 465 3048; x_wconf 81' lang='lat' dir='ltr'><strong>Athenaeum</strong></span> <span class='ocrx_word' id='word_1_193' title='bbox 481 2987 566 3060; x_wconf 83' lang='lat' dir='ltr'><strong>xm,</strong></span> <span class='ocrx_word' id='word_1_194' title='bbox 610 3001 641 3045; x_wconf 93' lang='lat' dir='ltr'><strong>vt</strong></span> <span class='ocrx_word' id='word_1_195' title='bbox 657 2984 715 3045; x_wconf 87' lang='lat' dir='ltr'><strong>Ge.</strong></span> <span class='ocrx_word' id='word_1_196' title='bbox 730 2985 755 3056; x_wconf 90' lang='lat'><strong>1,</strong></span> <span class='ocrx_word' id='word_1_197' title='bbox 772 2990 833 3062; x_wconf 76' lang='lat'><strong>240</strong></span> <span class='ocrx_word' id='word_1_198' title='bbox 866 2984 1032 3068; x_wconf 76' lang='lat' dir='ltr'><strong>Rhipaeas</strong></span> <span class='ocrx_word' id='word_1_199' title='bbox 1050 3009 1108 3047; x_wconf 83' lang='lat' dir='ltr'><strong>ar·</strong></span> 
     </span>
     <span class='ocr_line' id='line_1_26' title="bbox 61 3087 1107 3175; baseline 0 -23"><span class='ocrx_word' id='word_1_200' title='bbox 61 3115 97 3175; x_wconf 86' lang='lat' dir='ltr'><strong>p.</strong></span> <span class='ocrx_word' id='word_1_201' title='bbox 122 3096 184 3170; x_wconf 83' lang='lat'><strong>597</strong></span> <span class='ocrx_word' id='word_1_202' title='bbox 217 3091 360 3170; x_wconf 86' lang='lat' dir='ltr'><strong>(nupera</strong></span> <span class='ocrx_word' id='word_1_203' title='bbox 377 3088 567 3150; x_wconf 87' lang='lat' dir='ltr'><strong>Ruhnkenio</strong></span> <span class='ocrx_word' id='word_1_204' title='bbox 610 3108 671 3146; x_wconf 82' lang='lat' dir='ltr'><strong>ces.</strong></span> <span class='ocrx_word' id='word_1_205' title='bbox 709 3089 937 3147; x_wconf 84' lang='lat' dir='ltr'><strong>Enumerantur</strong></span> <span class='ocrx_word' id='word_1_206' title='bbox 949 3087 1107 3172; x_wconf 85' lang='lat' dir='ltr'><strong>Rhodope</strong></span> 
     </span>
     <span class='ocr_line' id='line_1_27' title="bbox 63 3189 1108 3273; baseline -0.002 -18"><span class='ocrx_word' id='word_1_207' title='bbox 63 3189 273 3272; x_wconf 82' lang='lat' dir='ltr'><strong>illustratum).</strong></span> <span class='ocrx_word' id='word_1_208' title='bbox 311 3192 400 3252; x_wconf 83' lang='lat' dir='ltr'><strong>Adde</strong></span> <span class='ocrx_word' id='word_1_209' title='bbox 418 3194 568 3252; x_wconf 87' lang='lat' dir='ltr'><strong>Senecam</strong></span> <span class='ocrx_word' id='word_1_210' title='bbox 611 3206 643 3250; x_wconf 91' lang='lat' dir='ltr'><strong>et</strong></span> <span class='ocrx_word' id='word_1_211' title='bbox 660 3191 837 3273; x_wconf 80' lang='lat' dir='ltr'><strong>Pangaeus,</strong></span> <span class='ocrx_word' id='word_1_212' title='bbox 866 3205 987 3250; x_wconf 85' lang='lat' dir='ltr'><strong>montes</strong></span> <span class='ocrx_word' id='word_1_213' title='bbox 1008 3191 1108 3254; x_wconf 91' lang='lat' dir='ltr'><strong>Thra·</strong></span> 
     </span>
     <span class='ocr_line' id='line_1_28' title="bbox 44 3291 1110 3378; baseline 0 -24"><span class='ocrx_word' id='word_1_214' title='bbox 44 3298 161 3358; x_wconf 57' lang='lat' dir='ltr'><strong>⁴Herc.</strong></span> <span class='ocrx_word' id='word_1_215' title='bbox 184 3295 243 3354; x_wconf 81' lang='lat' dir='ltr'><strong>lut.</strong></span> <span class='ocrx_word' id='word_1_216' title='bbox 266 3298 329 3375; x_wconf 85' lang='lat'><strong>569</strong></span> <span class='ocrx_word' id='word_1_217' title='bbox 353 3295 434 3378; x_wconf 80' lang='lat' dir='ltr'><strong>seqq.</strong></span> <span class='ocrx_word' id='word_1_218' title='bbox 477 3296 568 3356; x_wconf 86' lang='lat' dir='ltr'><strong>Herc.</strong></span> <span class='ocrx_word' id='word_1_219' title='bbox 611 3296 693 3365; x_wconf 87' lang='lat' dir='ltr'><strong>ciae,</strong></span> <span class='ocrx_word' id='word_1_220' title='bbox 716 3311 796 3374; x_wconf 86' lang='lat' dir='ltr'><strong>quae</strong></span> <span class='ocrx_word' id='word_1_221' title='bbox 814 3291 910 3350; x_wconf 83' lang='lat' dir='ltr'><strong>tellus</strong></span> <span class='ocrx_word' id='word_1_222' title='bbox 925 3294 1110 3373; x_wconf 83' lang='lat' dir='ltr'><strong>Mauortia,</strong></span> 
     </span>
     <span class='ocr_line' id='line_1_29' title="bbox 66 3391 1109 3480; baseline -0.001 -22"><span class='ocrx_word' id='word_1_223' title='bbox 66 3399 145 3458; x_wconf 85' lang='lat' dir='ltr'><strong>Oet.</strong></span> <span class='ocrx_word' id='word_1_224' title='bbox 173 3399 250 3459; x_wconf 79' lang='lat'>1031</span> <span class='ocrx_word' id='word_1_225' title='bbox 275 3397 339 3480; x_wconf 87' lang='lat' dir='ltr'><strong>sqq.</strong></span> <span class='ocrx_word' id='word_1_226' title='bbox 399 3402 472 3477; x_wconf 82' lang='grc'><strong>459.</strong></span> <span class='ocrx_word' id='word_1_227' title='bbox 496 3399 570 3457; x_wconf 86' lang='lat' dir='ltr'><strong>Ser·</strong></span> <span class='ocrx_word' id='word_1_228' title='bbox 610 3397 705 3454; x_wconf 81' lang='lat' dir='ltr'><strong>Marti</strong></span> <span class='ocrx_word' id='word_1_229' title='bbox 722 3395 809 3465; x_wconf 73' lang='lat' dir='ltr'><strong>sama,</strong></span> <span class='ocrx_word' id='word_1_230' title='bbox 826 3391 932 3468; x_wconf 54' lang='lat' dir='ltr'><strong>aaut,</strong></span> <span class='ocrx_word' id='word_1_231' title='bbox 953 3399 1017 3478; x_wconf 90' lang='lat' dir='ltr'><strong>qui,</strong></span> <span class='ocrx_word' id='word_1_232' title='bbox 1040 3394 1109 3478; x_wconf 90' lang='lat' dir='ltr'><strong>post</strong></span> 
     </span>
     <span class='ocr_line' id='line_1_30' title="bbox 63 3496 1149 3580; baseline -0.002 -18"><span class='ocrx_word' id='word_1_233' title='bbox 63 3514 205 3562; x_wconf 79' lang='lat' dir='ltr'><strong>vantem</strong></span> <span class='ocrx_word' id='word_1_234' title='bbox 225 3502 336 3579; x_wconf 79' lang='lat' dir='ltr'><strong>ripas,</strong></span> <span class='ocrx_word' id='word_1_235' title='bbox 368 3500 567 3571; x_wconf 87' lang='lat' dir='ltr'><strong>incolentem,</strong></span> <span class='ocrx_word' id='word_1_236' title='bbox 612 3496 731 3577; x_wconf 87' lang='lat' dir='ltr'><strong>Orphei</strong></span> <span class='ocrx_word' id='word_1_237' title='bbox 748 3497 872 3580; x_wconf 85' lang='lat' dir='ltr'><strong>quidem</strong></span> <span class='ocrx_word' id='word_1_238' title='bbox 889 3511 1045 3577; x_wconf 89' lang='lat' dir='ltr'><strong>tempora,</strong></span> <span class='ocrx_word' id='word_1_239' title='bbox 1068 3499 1109 3560; x_wconf 92' lang='lat' dir='ltr'><strong>ad</strong></span> <span class='ocrx_word' id='word_1_240' title='bbox 1145 3549 1149 3559; x_wconf 86' lang='lat'><em>.</em></span> 
     </span>
     <span class='ocr_line' id='line_1_31' title="bbox 10 3584 1108 3683; baseline -0.002 -19"><span class='ocrx_word' id='word_1_241' title='bbox 10 3584 12 3587; x_wconf 12' lang='lat' dir='ltr'>V</span> <span class='ocrx_word' id='word_1_242' title='bbox 62 3606 101 3664; x_wconf 87' lang='lat' dir='ltr'><strong>in</strong></span> <span class='ocrx_word' id='word_1_243' title='bbox 116 3604 153 3661; x_wconf 78' lang='lat' dir='ltr'><strong>iis</strong></span> <span class='ocrx_word' id='word_1_244' title='bbox 170 3600 330 3675; x_wconf 87' lang='lat' dir='ltr'><strong>latentem,</strong></span> <span class='ocrx_word' id='word_1_245' title='bbox 349 3616 381 3661; x_wconf 88' lang='lat' dir='ltr'><strong>vt</strong></span> <span class='ocrx_word' id='word_1_246' title='bbox 394 3601 500 3683; x_wconf 87' lang='lat' dir='ltr'><strong>paullo</strong></span> <span class='ocrx_word' id='word_1_247' title='bbox 515 3621 569 3662; x_wconf 90' lang='lat' dir='ltr'><strong>an·</strong></span> <span class='ocrx_word' id='word_1_248' title='bbox 609 3600 737 3657; x_wconf 88' lang='lat' dir='ltr'><strong>Troiam</strong></span> <span class='ocrx_word' id='word_1_249' title='bbox 790 3598 918 3658; x_wconf 83' lang='lat' dir='ltr'><strong>duxerat</strong></span> <span class='ocrx_word' id='word_1_250' title='bbox 963 3597 1108 3662; x_wconf 79' lang='lat' dir='ltr'><strong>Thracas.</strong></span> 
     </span>
     <span class='ocr_line' id='line_1_32' title="bbox 63 3696 1106 3786; baseline -0.004 -19"><span class='ocrx_word' id='word_1_251' title='bbox 63 3720 112 3778; x_wconf 84' lang='lat' dir='ltr'><strong>te,</strong></span> <span class='ocrx_word' id='word_1_252' title='bbox 136 3696 326 3786; x_wconf 70' lang='grc' dir='ltr'><strong>λοχήσαντα.</strong></span> <span class='ocrx_word' id='word_1_253' title='bbox 614 3699 721 3761; x_wconf 79' lang='lat' dir='ltr'><strong>Getae</strong></span> <span class='ocrx_word' id='word_1_254' title='bbox 735 3720 772 3760; x_wconf 88' lang='lat' dir='ltr'><strong>ex</strong></span> <span class='ocrx_word' id='word_1_255' title='bbox 785 3705 995 3783; x_wconf 83' lang='lat' dir='ltr'><strong>antiquiorum</strong></span> <span class='ocrx_word' id='word_1_256' title='bbox 1008 3723 1106 3776; x_wconf 88' lang='lat' dir='ltr'><strong>more,</strong></span> 
     </span>
     <span class='ocr_line' id='line_1_33' title="bbox 134 3798 1110 3886; baseline -0.002 -18"><span class='ocrx_word' id='word_1_257' title='bbox 134 3808 209 3886; x_wconf 84' lang='grc'><strong>460.</strong></span> <span class='ocrx_word' id='word_1_258' title='bbox 257 3805 378 3864; x_wconf 80' lang='lat' dir='ltr'><strong>chorus</strong></span> <span class='ocrx_word' id='word_1_259' title='bbox 417 3804 569 3885; x_wconf 82' lang='lat' dir='ltr'><strong>aequalis</strong></span> <span class='ocrx_word' id='word_1_260' title='bbox 610 3822 677 3862; x_wconf 90' lang='lat' dir='ltr'><strong>non</strong></span> <span class='ocrx_word' id='word_1_261' title='bbox 706 3802 746 3861; x_wconf 88' lang='lat' dir='ltr'><strong>ad</strong></span> <span class='ocrx_word' id='word_1_262' title='bbox 771 3798 992 3885; x_wconf 80' lang='lat' dir='ltr'><strong>geographicas</strong></span> <span class='ocrx_word' id='word_1_263' title='bbox 1015 3809 1110 3866; x_wconf 88' lang='lat' dir='ltr'><strong>ratio·</strong></span> 
     </span>
     <span class='ocr_line' id='line_1_34' title="bbox 63 3902 1108 3992; baseline -0.007 -20"><span class='ocrx_word' id='word_1_264' title='bbox 63 3908 263 3992; x_wconf 79' lang='lat' dir='ltr'><strong>Dryadum,</strong></span> <span class='ocrx_word' id='word_1_265' title='bbox 305 3928 364 3988; x_wconf 89' lang='lat' dir='ltr'><strong>pro</strong></span> <span class='ocrx_word' id='word_1_266' title='bbox 393 3909 568 3990; x_wconf 82' lang='lat' dir='ltr'><strong>aequalium</strong></span> <span class='ocrx_word' id='word_1_267' title='bbox 610 3925 666 3965; x_wconf 86' lang='lat' dir='ltr'><strong>nes</strong></span> <span class='ocrx_word' id='word_1_268' title='bbox 677 3917 790 3984; x_wconf 85' lang='lat' dir='ltr'><strong>poetae</strong></span> <span class='ocrx_word' id='word_1_269' title='bbox 808 3921 909 3964; x_wconf 86' lang='lat' dir='ltr'><strong>aetate</strong></span> <span class='ocrx_word' id='word_1_270' title='bbox 924 3902 990 3964; x_wconf 84' lang='lat' dir='ltr'><strong>satis</strong></span> <span class='ocrx_word' id='word_1_271' title='bbox 1005 3919 1108 3978; x_wconf 78' lang='lat' dir='ltr'><strong>notas,</strong></span> 
     </span>
     <span class='ocr_line' id='line_1_35' title="bbox 61 4004 1109 4096; baseline -0.008 -21"><span class='ocrx_word' id='word_1_272' title='bbox 61 4013 249 4096; x_wconf 82' lang='lat' dir='ltr'><strong>Dryadum,</strong></span> <span class='ocrx_word' id='word_1_273' title='bbox 280 4029 340 4069; x_wconf 87' lang='lat' dir='ltr'><strong>vna</strong></span> <span class='ocrx_word' id='word_1_274' title='bbox 363 4029 490 4070; x_wconf 88' lang='lat' dir='ltr'><strong>cumea</strong></span> <span class='ocrx_word' id='word_1_275' title='bbox 512 4030 569 4070; x_wconf 90' lang='lat' dir='ltr'><strong>nu·</strong></span> <span class='ocrx_word' id='word_1_276' title='bbox 612 4004 740 4068; x_wconf 87' lang='lat' dir='ltr'><strong>etiamh</strong></span> <span class='ocrx_word' id='word_1_277' title='bbox 772 4007 793 4066; x_wconf 89' lang='grc' dir='ltr'><strong>Ι.</strong></span> <span class='ocrx_word' id='word_1_278' title='bbox 815 4010 980 4066; x_wconf 87' lang='lat' dir='ltr'><strong>memorari</strong></span> <span class='ocrx_word' id='word_1_279' title='bbox 1000 4007 1109 4067; x_wconf 90' lang='lat' dir='ltr'><strong>viden-</strong></span> 
     </span>
     <span class='ocr_line' id='line_1_36' title="bbox 62 4109 1111 4176; baseline -0.007 -1"><span class='ocrx_word' id='word_1_280' title='bbox 62 4119 221 4176; x_wconf 85' lang='lat' dir='ltr'><strong>tritarum.</strong></span> <span class='ocrx_word' id='word_1_281' title='bbox 249 4113 333 4173; x_wconf 82' lang='lat' dir='ltr'><strong>conf.</strong></span> <span class='ocrx_word' id='word_1_282' title='bbox 352 4132 381 4171; x_wconf 89' lang='lat' dir='ltr'><strong>v.</strong></span> <span class='ocrx_word' id='word_1_283' title='bbox 404 4113 476 4173; x_wconf 82' lang='lat'><strong>532.</strong></span> <span class='ocrx_word' id='word_1_284' title='bbox 496 4113 568 4173; x_wconf 82' lang='lat'><strong>533.</strong></span> <span class='ocrx_word' id='word_1_285' title='bbox 612 4126 671 4170; x_wconf 86' lang='lat' dir='ltr'><strong>tur.</strong></span> <span class='ocrx_word' id='word_1_286' title='bbox 722 4109 888 4167; x_wconf 88' lang='lat' dir='ltr'><strong>Memorati</strong></span> <span class='ocrx_word' id='word_1_287' title='bbox 924 4110 985 4166; x_wconf 86' lang='lat' dir='ltr'><strong>iam</strong></span> <span class='ocrx_word' id='word_1_288' title='bbox 1022 4123 1111 4168; x_wconf 86' lang='lat' dir='ltr'><strong>erant</strong></span> 
     </span>
     <span class='ocr_line' id='line_1_37' title="bbox 60 4194 1112 4302; baseline -0.016 -18"><span class='ocrx_word' id='word_1_289' title='bbox 60 4219 251 4302; x_wconf 71' lang='lat' dir='ltr'><strong>aer-465.</strong></span> <span class='ocrx_word' id='word_1_290' title='bbox 279 4215 341 4277; x_wconf 71' lang='lat' dir='ltr'><strong>Per</strong></span> <span class='ocrx_word' id='word_1_291' title='bbox 358 4194 457 4276; x_wconf 70' lang='lat' dir='ltr'><strong>tomi</strong></span> <span class='ocrx_word' id='word_1_292' title='bbox 472 4210 572 4273; x_wconf 74' lang='lat' dir='ltr'><strong>Thra-</strong></span> <span class='ocrx_word' id='word_1_293' title='bbox 613 4209 844 4289; x_wconf 77' lang='lat' dir='ltr'><strong>ee.tt1‚462.</strong></span> <span class='ocrx_word' id='word_1_294' title='bbox 895 4209 1015 4269; x_wconf 64' lang='lat' dir='ltr'><strong>Aeetas</strong></span> <span class='ocrx_word' id='word_1_295' title='bbox 1038 4211 1112 4269; x_wconf 76' lang='lat' dir='ltr'><strong>en·-</strong></span> 
     </span>
    </p>
   </div>
   <div class='ocr_carea' id='block_1_8' title="bbox 0 0 1352 4914">
    <p class='ocr_par' dir='ltr' id='par_1_8' title="bbox 0 0 1352 4914">
     <span class='ocr_line' id='line_1_38' title="bbox 0 0 1352 4914; baseline 0 0"><span class='ocrx_word' id='word_1_296' title='bbox 0 0 1352 4914; x_wconf 95' lang='lat' dir='ltr'><strong> </strong></span> 
     </span>
    </p>
   </div>
  </div>
 </body>
</html>
