2692 4914
284 347 589 431 BVCOLICA
613 353 735 430 ECL.
756 355 847 445 VII,
862 348 1027 452 54-70
1127 349 1200 448 ¹73

150 556 186 607 τ.
205 538 465 653 Fraxinus'in
489 539 587 620 filuis
615 540 856 643 pulcerrima,
892 544 1004 641 pinus
1040 541 1081 613 in
1108 534 1198 612 hor-

788 668 846 754 tis,
1144 656 1196 736 65

149 791 325 893 Populus
348 793 555 889 ieiuniis,
590 797 694 874 abies
713 803 754 872 in
780 798 971 872 montibus
997 795 1099 870 altis:

148 929 311 1028 Saepius
334 948 373 1003 at
394 927 421 1004 fi
444 957 527 1023 me,
560 934 701 1027 Lycida
721 932 898 1026 formose,
941 930 1095 1009 reuiias:

148 1065 334 1136 Fraxinus
360 1068 401 1139 in
419 1063 517 1144 filuis
540 1067 650 1141 cedat
675 1067 761 1160 tibi,
801 1073 912 1169 pinus
936 1072 977 1141 in
997 1068 1130 1142 hortis.

195 1225 243 1270 u.
258 1200 368 1273 Haec
389 1204 559 1294 memini,
594 1221 633 1278 et
653 1207 792 1278 victum
811 1199 942 1278 frustra
962 1199 1195 1280 contendere

774 1326 942 1422 Thyrsin.
1068 1323 1072 1328 ’

148 1453 229 1526 'Ex
270 1453 339 1527 illo
383 1455 565 1549 Corydon
607 1459 788 1554 Corydon
827 1459 878 1536 est
916 1480 1089 1564 tempore
1122 1479 1192 1532 no·

773 1584 865 1659 bie*
1140 1603 1193 1680 70

214 1763 252 1832 67
269 1781 309 1816 ac
331 1759 432 1816 Medic.
453 1779 469 1815 a
491 1781 527 1816 m.
550 1782 590 1838 pr·
659 1766 694 1822 68
715 1766 800 1822 cedar
820 1766 947 1825 oMedic.
977 1782 1004 1822 et
1023 1765 1080 1819 alii·
1100 1760 1191 1817 Heius.

148 1853 273 1925 reposuit.
311 1852 450 1906 Laudabat
463 1852 535 1905 idem
548 1873 563 1906 e
576 1855 698 1927 Longob.
711 1858 821 1914 Pierius.
856 1857 945 1930 Vulgo
958 1857 1072 1908 lectumt
1101 1853 1190 1906 ceder.

147 1948 181 2015 {9
198 1947 283 1997 Haec
306 1951 439 1996 memini.-
462 1951 569 1997 victum
589 1959 615 1998 ee
626 1944 658 2018 f.
678 1944 818 2020 Obionguu
832 1948 919 2000 Pierii.
961 1943 1086 2018 Thyrsuu
1098 1938 1191 1996 multi:

148 2049 174 2088 u
191 2053 217 2086 v.
238 2032 274 2086 nd
295 2032 354 2095 Edi
372 2035 406 2097 Η,
430 2034 499 2102 aeg
565 2050 599 2105 7⁰
619 2036 715 2091 noblis
733 2039 805 2093 coni.
827 2036 961 2094 Nunnius.
1008 2034 1081 2091 Dedi
1106 2032 1191 2089 versu·

148 2208 178 2251 et
197 2191 343 2261 niuster
366 2187 460 2254 οἰωνοὶ
478 2188 596 2272 Hymni
615 2192 650 2254 in
689 2189 736 2256 sin
765 2199 917 2258 victorem
952 2188 1190 2277 pronuntinsset,-

148 2295 229 2357 Ven.
255 2301 281 2372 4
309 2294 425 2351 aeriae
448 2292 649 2377 volucres).·
689 2297 785 2358 iidem
817 2297 907 2359 huius
942 2297 1049 2360 iudicii
1075 2293 1190 2360 caussas

147 2417 184 2458 ex
212 2399 329 2457 veteris
358 2391 573 2476 philosophiae
601 2400 650 2458 in·
690 2397 940 2481 etlproberiones
957 2398 996 2464 ob
1010 2400 1121 2462 iisdem
1141 2398 1190 2459 lo·

147 2501 282 2561 volucris
307 2495 472 2569 sebolofir;
505 2499 593 2581 quod
617 2514 650 2561 et
690 2506 733 2563 cis
755 2502 877 2563 ducturi
904 2499 991 2564 fuisse
1013 2501 1188 2563 videantur.

147 2601 245 2683 ipsum
261 2621 390 2674 vereor,
412 2615 446 2661 vt
459 2597 587 2682 postoris
601 2605 649 2664 in·
689 2605 761 2665 Hoc
781 2604 872 2665 facile
888 2604 1059 2686 perspicio,
1086 2600 1189 2686 Thyr-

147 2709 241 2789 genio
266 2703 534 2767 accommodatum
559 2702 604 2765 fit.
688 2704 735 2769 fin
757 2706 818 2769 eise
840 2722 1029 2788 perpetuum
1045 2702 1188 2788 Corydo-

189 2808 330 2873 65-68.
351 2808 453 2885 pinus
472 2809 509 2865 in
529 2806 647 2875 hortis,
688 2816 737 2872 nis
761 2811 1019 2878 obtrectatorem
1053 2807 1087 2867 id
1100 2804 1187 2887 quod

147 2917 238 2993 pinus
254 2908 366 2982 satiua,
394 2907 447 2969 seu
469 2905 645 2981 domestice,
687 2912 752 2994 ipsa
778 2915 828 2973 lex
856 2912 998 2970 carminis
1026 2905 1188 2967 emoebeei

148 3029 179 3073 et
192 3007 359 3084 bonensis,
381 3010 498 3071 Ouidio
512 3013 576 3070 Art.
589 3011 645 3084 111,
688 3012 836 3097 postulem
875 3010 965 3071 huius
994 3026 1100 3070 temen
1118 3027 1187 3069 ver·

148 3119 209 3196 692
222 3116 325 3199 pinus
339 3114 450 3183 culta*
469 3111 553 3183 πίτυς
573 3099 646 3196 iius-
687 3117 734 3176 sus
755 3136 816 3200 que
840 3113 967 3178 tandem
987 3118 1023 3174 in
1035 3132 1071 3173 re
1085 3109 1187 3195 Thyr-

149 3243 205 3305 ρος,
229 3214 325 3277 arbor
336 3215 457 3297 semper
472 3220 590 3286 virens,
613 3229 646 3275 et
687 3216 766 3280 fidos
789 3221 930 3282 numeris,
939 3211 1106 3298 praestent,
1130 3214 1186 3296 qui

151 3321 257 3401 apibus
280 3334 385 3401 grate,
412 3319 452 3380 de
474 3338 536 3400 qua
554 3316 645 3377 doen
687 3321 791 3382 tardus
805 3341 892 3380 meur
909 3317 1008 3381 seusus
1022 3314 1076 3393 est,
1095 3320 1184 3400 equi·

94 3485 102 3496 ,
150 3417 577 3503 adh.l.disputatioHeins1i.
605 3419 644 3478 cf.
687 3425 759 3494 dem
778 3441 845 3484 non
865 3424 1016 3503 percipio.
1058 3419 1186 3480 quenti

152 3528 250 3588 Corda
269 3525 309 3586 ad
326 3525 385 3584 Ge.
402 3524 459 3596 lv,
485 3545 553 3585 112.
590 3527 642 3603 67·
685 3527 790 3595 saltem
808 3524 932 3586 leudem
951 3527 987 3583 in
1005 3539 1117 3589 neutro
1137 3523 1183 3580 vi-

151 3630 325 3691 Praeferam
340 3643 371 3687 te
384 3627 506 3692 fraxino
514 3641 545 3686 et
553 3629 642 3707 pino.
685 3630 747 3692 deo
763 3625 823 3690 esse
839 3647 1002 3712 magnam,
1030 3629 1183 3685 maiorem

212 3735 264 3813 69.
291 3727 430 3810 Operose
454 3729 569 3789 docent
587 3731 645 3789 viri
686 3748 790 3792 tamen
804 3735 905 3803 ineo,
925 3733 972 3789 cui
988 3749 1027 3789 ex
1039 3744 1183 3808 tempore

153 3835 232 3896 docti
265 3854 324 3914 per
361 3847 459 3893 torem
493 3833 644 3915 eclogem,
685 3833 938 3915 respondendum
979 3827 1023 3892 est
1054 3830 1095 3890 ed
1134 3828 1178 3903 id,

154 3952 341 4018 quantopere
361 3939 396 3995 in
416 3931 539 4016 singuiis
553 3932 643 3997 verfi·
686 3918 773 4022 quod
794 3937 872 3996 alter
892 3955 930 3995 ex
950 3933 1099 3995 meditato
1126 3949 1182 4012 pe-

155 4037 208 4098 bns
233 4038 370 4120 superior
390 4034 500 4124 Thyrsi
523 4035 559 4098 fit
581 4039 644 4099 Co·
683 4055 786 4102 return
807 4036 968 4099 habuerat.

155 4142 267 4223 rydon,
302 4145 338 4202 ils
354 4157 460 4201 tamen
474 4141 539 4201 sere
555 4160 645 4222 argu·
728 4162 780 4221 70.
798 4143 853 4202 Ex
866 4139 924 4200 illo
939 4137 993 4205 C.‚·
1028 4136 1183 4214 occipien-

156 4248 280 4319 mentis,
307 4260 358 4320 vt,
392 4240 530 4326 fipoete
544 4240 645 4327 Thyr-
686 4242 779 4308 dumi
814 4263 853 4306 ex
867 4262 907 4306 eo
920 4254 1062 4320 tempore
1076 4241 1181 4301 animo
