<?xml version="1.0" encoding="UTF-8"?>
<!DOCTYPE html PUBLIC "-//W3C//DTD XHTML 1.0 Transitional//EN"
    "http://www.w3.org/TR/xhtml1/DTD/xhtml1-transitional.dtd">
<html xmlns="http://www.w3.org/1999/xhtml" xml:lang="en" lang="en">
 <head>
  <title>
</title>
<meta http-equiv="Content-Type" content="text/html;charset=utf-8" />
  <meta name='ocr-system' content='tesseract 3.04.00' />
  <meta name='ocr-capabilities' content='ocr_page ocr_carea ocr_par ocr_line ocrx_word'/>
</head>
<body>
  <div class='ocr_page' id='page_1' title='image "./pvirgilivsmarov00virggoog_0200.png"; bbox 0 0 2700 4906; ppageno 0'>
   <div class='ocr_carea' id='block_1_1' title="bbox 164 286 964 404">
    <p class='ocr_par' dir='ltr' id='par_1_1' title="bbox 164 286 964 417">
     <span class='ocr_line' id='line_1_1' title="bbox 164 286 964 404; baseline -0.001 -7"><span class='ocrx_word' id='word_1_1' title='bbox 164 286 233 397; x_wconf 65' lang='lat'>&#39;130</span> <span class='ocrx_word' id='word_1_2' title='bbox 260 385 266 404; x_wconf 77' lang='grc'><strong><em>,</em></strong></span> <span class='ocrx_word' id='word_1_3' title='bbox 363 321 404 392; x_wconf 80' lang='lat' dir='ltr'>e.</span> <span class='ocrx_word' id='word_1_4' title='bbox 426 320 674 397; x_wconf 73' lang='lat' dir='ltr'>waeran</span> <span class='ocrx_word' id='word_1_5' title='bbox 703 321 964 396; x_wconf 70' lang='lat' dir='ltr'>Minonis</span> 
     </span>
    </p>
   </div>
   <div class='ocr_carea' id='block_1_2' title="bbox 157 505 1189 875">
    <p class='ocr_par' dir='ltr' id='par_1_2' title="bbox 157 505 1189 875">
     <span class='ocr_line' id='line_1_2' title="bbox 157 505 1188 610; baseline -0.003 -28"><span class='ocrx_word' id='word_1_6' title='bbox 157 506 326 607; x_wconf 86' lang='lat' dir='ltr'><strong>Daphnis</strong></span> <span class='ocrx_word' id='word_1_7' title='bbox 343 530 414 607; x_wconf 84' lang='lat' dir='ltr'>ego</span> <span class='ocrx_word' id='word_1_8' title='bbox 431 511 470 580; x_wconf 88' lang='lat' dir='ltr'>in</span> <span class='ocrx_word' id='word_1_9' title='bbox 489 505 602 598; x_wconf 89' lang='lat' dir='ltr'>filuis,</span> <span class='ocrx_word' id='word_1_10' title='bbox 627 509 715 584; x_wconf 89' lang='lat' dir='ltr'>hinc</span> <span class='ocrx_word' id='word_1_11' title='bbox 732 535 850 610; x_wconf 75' lang='lat' dir='ltr'>voque</span> <span class='ocrx_word' id='word_1_12' title='bbox 865 509 913 581; x_wconf 86' lang='lat' dir='ltr'>ad</span> <span class='ocrx_word' id='word_1_13' title='bbox 928 507 1047 582; x_wconf 83' lang='lat' dir='ltr'>fidera</span> <span class='ocrx_word' id='word_1_14' title='bbox 1061 522 1188 597; x_wconf 71' lang='lat' dir='ltr'>notua,</span> 
     </span>
     <span class='ocr_line' id='line_1_3' title="bbox 157 637 999 742; baseline -0.007 -24"><span class='ocrx_word' id='word_1_15' title='bbox 157 637 319 718; x_wconf 83' lang='lat' dir='ltr'>Formofi</span> <span class='ocrx_word' id='word_1_16' title='bbox 339 647 486 740; x_wconf 86' lang='lat' dir='ltr'>pecoris</span> <span class='ocrx_word' id='word_1_17' title='bbox 514 639 654 733; x_wconf 86' lang='lat' dir='ltr'>custos,</span> <span class='ocrx_word' id='word_1_18' title='bbox 692 640 889 719; x_wconf 83' lang='lat' dir='ltr'>formofior</span> <span class='ocrx_word' id='word_1_19' title='bbox 914 641 971 742; x_wconf 82' lang='lat' dir='ltr'>ips</span> <span class='ocrx_word' id='word_1_20' title='bbox 990 694 999 711; x_wconf 84' lang='lat'><strong>.</strong></span> 
     </span>
     <span class='ocr_line' id='line_1_4' title="bbox 207 773 1189 875; baseline -0.001 -27"><span class='ocrx_word' id='word_1_21' title='bbox 207 803 270 848; x_wconf 78' lang='lat' dir='ltr'>ne,</span> <span class='ocrx_word' id='word_1_22' title='bbox 289 774 384 850; x_wconf 83' lang='lat' dir='ltr'>Tale</span> <span class='ocrx_word' id='word_1_23' title='bbox 399 795 504 850; x_wconf 88' lang='lat' dir='ltr'><strong>tuum</strong></span> <span class='ocrx_word' id='word_1_24' title='bbox 519 802 671 850; x_wconf 85' lang='lat' dir='ltr'>carmen</span> <span class='ocrx_word' id='word_1_25' title='bbox 689 775 818 869; x_wconf 86' lang='lat' dir='ltr'>nobis,</span> <span class='ocrx_word' id='word_1_26' title='bbox 845 775 974 848; x_wconf 88' lang='lat' dir='ltr'>diuine</span> <span class='ocrx_word' id='word_1_27' title='bbox 986 792 1112 875; x_wconf 89' lang='lat' dir='ltr'>poeta,</span> <span class='ocrx_word' id='word_1_28' title='bbox 1141 773 1189 859; x_wconf 75' lang='grc'>45</span> 
     </span>
    </p>
   </div>
   <div class='ocr_carea' id='block_1_3' title="bbox 224 963 1152 1038">
    <p class='ocr_par' dir='ltr' id='par_1_3' title="bbox 224 963 1152 1038">
     <span class='ocr_line' id='line_1_5' title="bbox 224 963 1152 1038; baseline -0.003 -16"><span class='ocrx_word' id='word_1_29' title='bbox 224 970 259 1037; x_wconf 74' lang='grc'>45</span> <span class='ocrx_word' id='word_1_30' title='bbox 277 967 360 1020; x_wconf 77' lang='lat' dir='ltr'>nobis</span> <span class='ocrx_word' id='word_1_31' title='bbox 380 985 492 1020; x_wconf 82' lang='lat' dir='ltr'>carmen</span> <span class='ocrx_word' id='word_1_32' title='bbox 511 984 553 1038; x_wconf 81' lang='lat' dir='ltr'>ap.</span> <span class='ocrx_word' id='word_1_33' title='bbox 573 966 690 1020; x_wconf 86' lang='lat' dir='ltr'><strong>Probum</strong></span> <span class='ocrx_word' id='word_1_34' title='bbox 709 967 856 1024; x_wconf 80' lang='lat' dir='ltr'>Grammat.</span> <span class='ocrx_word' id='word_1_35' title='bbox 876 965 979 1019; x_wconf 73' lang='lat' dir='ltr'>[uanius</span> <span class='ocrx_word' id='word_1_36' title='bbox 999 963 1033 1018; x_wconf 81' lang='lat' dir='ltr'>ad</span> <span class='ocrx_word' id='word_1_37' title='bbox 1054 985 1152 1020; x_wconf 82' lang='lat' dir='ltr'>aurem.</span> 
     </span>
    </p>
   </div>
   <div class='ocr_carea' id='block_1_4' title="bbox 94 1131 1192 4282">
    <p class='ocr_par' dir='ltr' id='par_1_4' title="bbox 94 1131 1192 4282">
     <span class='ocr_line' id='line_1_6' title="bbox 157 1131 1190 1202; baseline -0.006 0"><span class='ocrx_word' id='word_1_38' title='bbox 157 1138 253 1202; x_wconf 67' lang='lat' dir='ltr'>‘Aiunt</span> <span class='ocrx_word' id='word_1_39' title='bbox 273 1143 366 1198; x_wconf 85' lang='lat' dir='ltr'>ritum</span> <span class='ocrx_word' id='word_1_40' title='bbox 387 1135 549 1197; x_wconf 79' lang='lat' dir='ltr'><strong>funebrem</strong></span> <span class='ocrx_word' id='word_1_41' title='bbox 570 1135 650 1198; x_wconf 79' lang='lat' dir='ltr'>effe:</span> <span class='ocrx_word' id='word_1_42' title='bbox 692 1138 797 1201; x_wconf 80' lang='lat' dir='ltr'>fertur.</span> <span class='ocrx_word' id='word_1_43' title='bbox 840 1137 972 1198; x_wconf 85' lang='lat' dir='ltr'>Videtur</span> <span class='ocrx_word' id='word_1_44' title='bbox 986 1134 1063 1196; x_wconf 85' lang='lat' dir='ltr'>mihi</span> <span class='ocrx_word' id='word_1_45' title='bbox 1079 1157 1128 1197; x_wconf 82' lang='lat' dir='ltr'>res</span> <span class='ocrx_word' id='word_1_46' title='bbox 1148 1131 1190 1196; x_wconf 79' lang='lat' dir='ltr'>sac</span> 
     </span>
     <span class='ocr_line' id='line_1_7' title="bbox 94 1239 1192 1324; baseline -0.005 -20"><span class='ocrx_word' id='word_1_47' title='bbox 94 1272 96 1276; x_wconf 94' lang='lat'>·</span> <span class='ocrx_word' id='word_1_48' title='bbox 157 1241 210 1303; x_wconf 83' lang='lat' dir='ltr'>sed</span> <span class='ocrx_word' id='word_1_49' title='bbox 225 1244 291 1324; x_wconf 86' lang='lat' dir='ltr'>quis</span> <span class='ocrx_word' id='word_1_50' title='bbox 307 1260 377 1299; x_wconf 89' lang='lat' dir='ltr'>eum</span> <span class='ocrx_word' id='word_1_51' title='bbox 392 1252 517 1320; x_wconf 80' lang='lat' dir='ltr'>vequam</span> <span class='ocrx_word' id='word_1_52' title='bbox 533 1259 651 1298; x_wconf 88' lang='lat' dir='ltr'>memo·</span> <span class='ocrx_word' id='word_1_53' title='bbox 692 1241 901 1320; x_wconf 87' lang='lat' dir='ltr'>expedienda,</span> <span class='ocrx_word' id='word_1_54' title='bbox 963 1255 995 1298; x_wconf 85' lang='lat' dir='ltr'>vt</span> <span class='ocrx_word' id='word_1_55' title='bbox 1035 1239 1192 1298; x_wconf 87' lang='lat' dir='ltr'><strong>tumulum</strong></span> 
     </span>
     <span class='ocr_line' id='line_1_8' title="bbox 156 1334 1189 1405; baseline -0.006 0"><span class='ocrx_word' id='word_1_56' title='bbox 156 1334 257 1405; x_wconf 81' lang='lat' dir='ltr'>raiuit?</span> <span class='ocrx_word' id='word_1_57' title='bbox 287 1342 374 1401; x_wconf 89' lang='lat' dir='ltr'>Circa</span> <span class='ocrx_word' id='word_1_58' title='bbox 391 1341 542 1399; x_wconf 87' lang='lat' dir='ltr'>tumulum</span> <span class='ocrx_word' id='word_1_59' title='bbox 561 1340 651 1400; x_wconf 87' lang='lat' dir='ltr'>arbo·</span> <span class='ocrx_word' id='word_1_60' title='bbox 691 1347 773 1402; x_wconf 83' lang='lat' dir='ltr'>iuxta</span> <span class='ocrx_word' id='word_1_61' title='bbox 795 1343 914 1403; x_wconf 84' lang='lat' dir='ltr'>fontem</span> <span class='ocrx_word' id='word_1_62' title='bbox 936 1343 1051 1402; x_wconf 79' lang='lat' dir='ltr'>iactum</span> <span class='ocrx_word' id='word_1_63' title='bbox 1075 1341 1189 1400; x_wconf 84' lang='lat' dir='ltr'>intelli-</span> 
     </span>
     <span class='ocr_line' id='line_1_9' title="bbox 157 1440 1188 1528; baseline -0.004 -22"><span class='ocrx_word' id='word_1_64' title='bbox 157 1466 206 1507; x_wconf 79' lang='lat' dir='ltr'>res</span> <span class='ocrx_word' id='word_1_65' title='bbox 223 1443 280 1505; x_wconf 86' lang='lat' dir='ltr'>seri</span> <span class='ocrx_word' id='word_1_66' title='bbox 295 1464 361 1504; x_wconf 81' lang='lat' dir='ltr'>mos</span> <span class='ocrx_word' id='word_1_67' title='bbox 377 1443 434 1502; x_wconf 82' lang='lat' dir='ltr'>suit</span> <span class='ocrx_word' id='word_1_68' title='bbox 454 1444 494 1520; x_wconf 88' lang='lat' dir='ltr'>(v.</span> <span class='ocrx_word' id='word_1_69' title='bbox 517 1462 542 1500; x_wconf 90' lang='lat' dir='ltr'>c.</span> <span class='ocrx_word' id='word_1_70' title='bbox 563 1440 649 1501; x_wconf 83' lang='lat' dir='ltr'>Iliad.</span> <span class='ocrx_word' id='word_1_71' title='bbox 691 1466 805 1528; x_wconf 85' lang='lat' dir='ltr'>gamus.</span> <span class='ocrx_word' id='word_1_72' title='bbox 849 1446 898 1503; x_wconf 86' lang='lat' dir='ltr'>Sic</span> <span class='ocrx_word' id='word_1_73' title='bbox 911 1449 945 1504; x_wconf 91' lang='lat' dir='ltr'>in</span> <span class='ocrx_word' id='word_1_74' title='bbox 967 1443 1120 1504; x_wconf 86' lang='lat' dir='ltr'>honorem</span> <span class='ocrx_word' id='word_1_75' title='bbox 1135 1441 1188 1502; x_wconf 83' lang='lat' dir='ltr'>de·</span> 
     </span>
     <span class='ocr_line' id='line_1_10' title="bbox 156 1541 1188 1634; baseline -0.001 -28"><span class='ocrx_word' id='word_1_76' title='bbox 156 1541 291 1634; x_wconf 59' lang='grc' dir='ltr'>ῥᾲιρ),</span> <span class='ocrx_word' id='word_1_77' title='bbox 319 1566 385 1607; x_wconf 89' lang='lat' dir='ltr'>non</span> <span class='ocrx_word' id='word_1_78' title='bbox 398 1565 472 1605; x_wconf 85' lang='lat' dir='ltr'>vero</span> <span class='ocrx_word' id='word_1_79' title='bbox 487 1546 565 1602; x_wconf 88' lang='lat' dir='ltr'>circa</span> <span class='ocrx_word' id='word_1_80' title='bbox 582 1542 650 1603; x_wconf 86' lang='lat' dir='ltr'>fon·</span> <span class='ocrx_word' id='word_1_81' title='bbox 692 1548 789 1607; x_wconf 80' lang='lat' dir='ltr'>functi</span> <span class='ocrx_word' id='word_1_82' title='bbox 810 1542 947 1629; x_wconf 80' lang='lat' dir='ltr'>pastoris,</span> <span class='ocrx_word' id='word_1_83' title='bbox 988 1560 1066 1606; x_wconf 88' lang='lat' dir='ltr'>noto</span> <span class='ocrx_word' id='word_1_84' title='bbox 1088 1566 1188 1619; x_wconf 89' lang='lat' dir='ltr'>more,</span> 
     </span>
     <span class='ocr_line' id='line_1_11' title="bbox 157 1643 1189 1729; baseline -0.003 -18"><span class='ocrx_word' id='word_1_85' title='bbox 157 1665 212 1711; x_wconf 81' lang='lat' dir='ltr'>tea.</span> <span class='ocrx_word' id='word_1_86' title='bbox 256 1649 289 1707; x_wconf 85' lang='lat' dir='ltr'>Si</span> <span class='ocrx_word' id='word_1_87' title='bbox 312 1668 406 1729; x_wconf 86' lang='lat' dir='ltr'>porro</span> <span class='ocrx_word' id='word_1_88' title='bbox 429 1647 468 1707; x_wconf 88' lang='lat' dir='ltr'>de</span> <span class='ocrx_word' id='word_1_89' title='bbox 491 1643 650 1707; x_wconf 79' lang='lat' dir='ltr'><strong>arboribus</strong></span> <span class='ocrx_word' id='word_1_90' title='bbox 693 1645 801 1708; x_wconf 79' lang='lat' dir='ltr'>humus</span> <span class='ocrx_word' id='word_1_91' title='bbox 825 1647 952 1708; x_wconf 80' lang='lat' dir='ltr'>floribus</span> <span class='ocrx_word' id='word_1_92' title='bbox 972 1663 1003 1707; x_wconf 86' lang='lat' dir='ltr'>et</span> <span class='ocrx_word' id='word_1_93' title='bbox 1026 1648 1189 1708; x_wconf 75' lang='lat' dir='ltr'>frondibus</span> 
     </span>
     <span class='ocr_line' id='line_1_12' title="bbox 156 1748 1188 1836; baseline -0.005 -22"><span class='ocrx_word' id='word_1_94' title='bbox 156 1750 311 1836; x_wconf 78' lang='lat' dir='ltr'>ponendis</span> <span class='ocrx_word' id='word_1_95' title='bbox 320 1769 355 1811; x_wconf 85' lang='lat' dir='ltr'>ac</span> <span class='ocrx_word' id='word_1_96' title='bbox 368 1748 500 1813; x_wconf 79' lang='lat' dir='ltr'>serendis</span> <span class='ocrx_word' id='word_1_97' title='bbox 511 1752 648 1829; x_wconf 74' lang='lat' dir='ltr'>accipies,</span> <span class='ocrx_word' id='word_1_98' title='bbox 692 1750 841 1832; x_wconf 81' lang='lat' dir='ltr'>spargitur</span> <span class='ocrx_word' id='word_1_99' title='bbox 866 1770 902 1809; x_wconf 88' lang='lat' dir='ltr'>ac</span> <span class='ocrx_word' id='word_1_100' title='bbox 930 1752 1008 1809; x_wconf 89' lang='lat' dir='ltr'>circa</span> <span class='ocrx_word' id='word_1_101' title='bbox 1034 1750 1188 1809; x_wconf 82' lang='lat' dir='ltr'>tumulum</span> 
     </span>
     <span class='ocr_line' id='line_1_13' title="bbox 157 1851 1188 1932; baseline -0.004 -16"><span class='ocrx_word' id='word_1_102' title='bbox 157 1853 421 1916; x_wconf 84' lang='lat' dir='ltr'>accommodatum</span> <span class='ocrx_word' id='word_1_103' title='bbox 436 1856 504 1924; x_wconf 82' lang='lat' dir='ltr'>erit,</span> <span class='ocrx_word' id='word_1_104' title='bbox 524 1867 555 1911; x_wconf 89' lang='lat' dir='ltr'>vt</span> <span class='ocrx_word' id='word_1_105' title='bbox 568 1855 650 1932; x_wconf 90' lang='lat' dir='ltr'>prio·</span> <span class='ocrx_word' id='word_1_106' title='bbox 694 1852 817 1914; x_wconf 80' lang='lat' dir='ltr'>arbores</span> <span class='ocrx_word' id='word_1_107' title='bbox 845 1851 992 1912; x_wconf 74' lang='lat' dir='ltr'>seruntur.</span> <span class='ocrx_word' id='word_1_108' title='bbox 1045 1851 1188 1912; x_wconf 81' lang='lat' dir='ltr'>Incusan·</span> 
     </span>
     <span class='ocr_line' id='line_1_14' title="bbox 158 1951 1186 2040; baseline -0.006 -21"><span class='ocrx_word' id='word_1_109' title='bbox 158 1978 193 2019; x_wconf 86' lang='lat' dir='ltr'>re</span> <span class='ocrx_word' id='word_1_110' title='bbox 207 1976 332 2040; x_wconf 81' lang='lat' dir='ltr'>qnoque</span> <span class='ocrx_word' id='word_1_111' title='bbox 345 1954 580 2035; x_wconf 76' lang='lat' dir='ltr'>locospargere</span> <span class='ocrx_word' id='word_1_112' title='bbox 593 1952 651 2010; x_wconf 82' lang='lat' dir='ltr'>lm·</span> <span class='ocrx_word' id='word_1_113' title='bbox 693 1955 749 2015; x_wconf 80' lang='lat' dir='ltr'>dua</span> <span class='ocrx_word' id='word_1_114' title='bbox 782 1970 887 2014; x_wconf 87' lang='lat' dir='ltr'>tamen</span> <span class='ocrx_word' id='word_1_115' title='bbox 919 1952 971 2015; x_wconf 85' lang='lat' dir='ltr'>vel</span> <span class='ocrx_word' id='word_1_116' title='bbox 1007 1951 1048 2014; x_wconf 83' lang='lat' dir='ltr'>fic</span> <span class='ocrx_word' id='word_1_117' title='bbox 1079 1969 1186 2035; x_wconf 86' lang='lat' dir='ltr'>poeta,</span> 
     </span>
     <span class='ocr_line' id='line_1_15' title="bbox 159 2052 1188 2140; baseline -0.003 -22"><span class='ocrx_word' id='word_1_118' title='bbox 159 2079 249 2118; x_wconf 87' lang='lat' dir='ltr'>mum</span> <span class='ocrx_word' id='word_1_119' title='bbox 266 2056 366 2136; x_wconf 84' lang='lat' dir='ltr'>foliis</span> <span class='ocrx_word' id='word_1_120' title='bbox 385 2056 425 2116; x_wconf 87' lang='lat' dir='ltr'>de</span> <span class='ocrx_word' id='word_1_121' title='bbox 452 2054 568 2115; x_wconf 84' lang='lat' dir='ltr'>satione</span> <span class='ocrx_word' id='word_1_122' title='bbox 593 2052 651 2113; x_wconf 84' lang='lat' dir='ltr'>flo-</span> <span class='ocrx_word' id='word_1_123' title='bbox 692 2056 777 2140; x_wconf 85' lang='lat' dir='ltr'>quod</span> <span class='ocrx_word' id='word_1_124' title='bbox 815 2056 854 2116; x_wconf 87' lang='lat' dir='ltr'>ad</span> <span class='ocrx_word' id='word_1_125' title='bbox 884 2054 1000 2116; x_wconf 83' lang='lat' dir='ltr'>sensum</span> <span class='ocrx_word' id='word_1_126' title='bbox 1029 2059 1124 2114; x_wconf 89' lang='lat' dir='ltr'>animi</span> <span class='ocrx_word' id='word_1_127' title='bbox 1155 2070 1188 2115; x_wconf 91' lang='lat' dir='ltr'>et</span> 
     </span>
     <span class='ocr_line' id='line_1_16' title="bbox 157 2153 1187 2238; baseline -0.007 -16"><span class='ocrx_word' id='word_1_128' title='bbox 157 2182 228 2222; x_wconf 83' lang='lat' dir='ltr'>rum</span> <span class='ocrx_word' id='word_1_129' title='bbox 269 2161 462 2238; x_wconf 79' lang='lat' dir='ltr'>accipIamus.</span> <span class='ocrx_word' id='word_1_130' title='bbox 538 2153 651 2214; x_wconf 88' lang='lat' dir='ltr'>Firmat</span> <span class='ocrx_word' id='word_1_131' title='bbox 681 2161 773 2219; x_wconf 86' lang='lat' dir='ltr'>‘oculi</span> <span class='ocrx_word' id='word_1_132' title='bbox 801 2179 869 2220; x_wconf 90' lang='lat' dir='ltr'>non</span> <span class='ocrx_word' id='word_1_133' title='bbox 895 2157 963 2218; x_wconf 79' lang='lat' dir='ltr'>satis</span> <span class='ocrx_word' id='word_1_134' title='bbox 990 2155 1099 2218; x_wconf 81' lang='lat' dir='ltr'>diserte</span> <span class='ocrx_word' id='word_1_135' title='bbox 1121 2178 1187 2216; x_wconf 81' lang='lat' dir='ltr'>rern</span> 
     </span>
     <span class='ocr_line' id='line_1_17' title="bbox 157 2257 1185 2343; baseline -0.004 -21"><span class='ocrx_word' id='word_1_136' title='bbox 157 2260 237 2322; x_wconf 88' lang='lat' dir='ltr'>hanc</span> <span class='ocrx_word' id='word_1_137' title='bbox 250 2264 401 2320; x_wconf 76' lang='lat' dir='ltr'>ratIonern</span> <span class='ocrx_word' id='word_1_138' title='bbox 419 2257 502 2317; x_wconf 81' lang='lat' dir='ltr'>locus</span> <span class='ocrx_word' id='word_1_139' title='bbox 516 2257 650 2339; x_wconf 84' lang='lat' dir='ltr'>Eclogae</span> <span class='ocrx_word' id='word_1_140' title='bbox 692 2260 839 2343; x_wconf 81' lang='lat' dir='ltr'><strong>exposuit.</strong></span> <span class='ocrx_word' id='word_1_141' title='bbox 856 2261 981 2340; x_wconf 83' lang='lat' dir='ltr'>Popius,</span> <span class='ocrx_word' id='word_1_142' title='bbox 997 2257 1185 2340; x_wconf 83' lang='lat' dir='ltr'>expreIIurus</span> 
     </span>
     <span class='ocr_line' id='line_1_18' title="bbox 157 2359 1186 2446; baseline -0.006 -21"><span class='ocrx_word' id='word_1_143' title='bbox 157 2365 214 2436; x_wconf 84' lang='lat' dir='ltr'>lx,</span> <span class='ocrx_word' id='word_1_144' title='bbox 235 2379 272 2446; x_wconf 87' lang='lat'>19</span> <span class='ocrx_word' id='word_1_145' title='bbox 293 2364 365 2442; x_wconf 80' lang='lat' dir='ltr'>quis</span> <span class='ocrx_word' id='word_1_146' title='bbox 377 2359 510 2418; x_wconf 77' lang='lat' dir='ltr'><em>humum</em></span> <span class='ocrx_word' id='word_1_147' title='bbox 523 2359 650 2438; x_wconf 85' lang='lat' dir='ltr'>steren—</span> <span class='ocrx_word' id='word_1_148' title='bbox 692 2362 777 2436; x_wconf 86' lang='lat' dir='ltr'>haec,</span> <span class='ocrx_word' id='word_1_149' title='bbox 804 2364 843 2423; x_wconf 90' lang='lat' dir='ltr'>ad</span> <span class='ocrx_word' id='word_1_150' title='bbox 864 2363 921 2421; x_wconf 88' lang='lat' dir='ltr'>alia</span> <span class='ocrx_word' id='word_1_151' title='bbox 943 2360 1096 2422; x_wconf 84' lang='lat' dir='ltr'>delabitur</span> <span class='ocrx_word' id='word_1_152' title='bbox 1109 2361 1186 2439; x_wconf 84' lang='lat' dir='ltr'>Pas-</span> 
     </span>
     <span class='ocr_line' id='line_1_19' title="bbox 157 2461 1183 2547; baseline -0.001 -24"><span class='ocrx_word' id='word_1_153' title='bbox 157 2465 245 2528; x_wconf 78' lang='lat' dir='ltr'>tibus</span> <span class='ocrx_word' id='word_1_154' title='bbox 260 2462 369 2522; x_wconf 81' lang='lat' dir='ltr'><em>herbis</em></span> <span class='ocrx_word' id='word_1_155' title='bbox 379 2461 564 2543; x_wconf 76' lang='lat' dir='ltr'>spargeret,</span> <span class='ocrx_word' id='word_1_156' title='bbox 581 2477 650 2520; x_wconf 73' lang='lat' dir='ltr'>auc</span> <span class='ocrx_word' id='word_1_157' title='bbox 692 2481 753 2524; x_wconf 85' lang='lat' dir='ltr'>tor.</span> <span class='ocrx_word' id='word_1_158' title='bbox 768 2465 823 2539; x_wconf 86' lang='lat' dir='ltr'>IV,</span> <span class='ocrx_word' id='word_1_159' title='bbox 841 2487 876 2524; x_wconf 85' lang='lat'>21</span> <span class='ocrx_word' id='word_1_160' title='bbox 897 2464 938 2547; x_wconf 84' lang='lat' dir='ltr'>sq.</span> <span class='ocrx_word' id='word_1_161' title='bbox 981 2467 1032 2542; x_wconf 77' lang='lat'>43.</span> <span class='ocrx_word' id='word_1_162' title='bbox 1050 2463 1183 2523; x_wconf 87' lang='lat' dir='ltr'>Theocr.</span> 
     </span>
     <span class='ocr_line' id='line_1_20' title="bbox 157 2552 1183 2645; baseline 0 -19"><span class='ocrx_word' id='word_1_163' title='bbox 157 2564 261 2627; x_wconf 76' lang='lat' dir='ltr'>viridi</span> <span class='ocrx_word' id='word_1_164' title='bbox 267 2568 384 2645; x_wconf 79' lang='lat' dir='ltr'>fontes</span> <span class='ocrx_word' id='word_1_165' title='bbox 398 2561 568 2622; x_wconf 77' lang='lat' dir='ltr'><em>induceret</em></span> <span class='ocrx_word' id='word_1_166' title='bbox 580 2584 649 2621; x_wconf 80' lang='lat' dir='ltr'>vm·</span> <span class='ocrx_word' id='word_1_167' title='bbox 690 2567 715 2640; x_wconf 90' lang='lat'>1,</span> <span class='ocrx_word' id='word_1_168' title='bbox 735 2588 801 2627; x_wconf 85' lang='lat'>120.</span> <span class='ocrx_word' id='word_1_169' title='bbox 823 2588 877 2625; x_wconf 86' lang='lat'>121</span> <span class='ocrx_word' id='word_1_170' title='bbox 901 2559 1017 2645; x_wconf 67' lang='grc' dir='ltr'><em>Δάφνις</em></span> <span class='ocrx_word' id='word_1_171' title='bbox 1038 2558 1115 2638; x_wconf 66' lang='grc' dir='ltr'>ἐγὼ</span> <span class='ocrx_word' id='word_1_172' title='bbox 1134 2552 1183 2626; x_wconf 77' lang='grc' dir='ltr'><strong><em>’σ’δε</em></strong></span> 
     </span>
     <span class='ocr_line' id='line_1_21' title="bbox 157 2649 1183 2752; baseline 0 -24"><span class='ocrx_word' id='word_1_173' title='bbox 157 2669 243 2728; x_wconf 84' lang='lat' dir='ltr'>bra?</span> <span class='ocrx_word' id='word_1_174' title='bbox 270 2669 423 2727; x_wconf 82' lang='lat' dir='ltr'>Neutrum</span> <span class='ocrx_word' id='word_1_175' title='bbox 444 2683 548 2726; x_wconf 87' lang='lat' dir='ltr'>tamen</span> <span class='ocrx_word' id='word_1_176' title='bbox 568 2670 649 2726; x_wconf 87' lang='lat' dir='ltr'>inter</span> <span class='ocrx_word' id='word_1_177' title='bbox 690 2666 810 2752; x_wconf 69' lang='grc' dir='ltr'>τῆνος,ὁ</span> <span class='ocrx_word' id='word_1_178' title='bbox 823 2663 876 2737; x_wconf 71' lang='grc' dir='ltr'>τοὶς</span> <span class='ocrx_word' id='word_1_179' title='bbox 890 2661 965 2746; x_wconf 66' lang='grc' dir='ltr'>βόας</span> <span class='ocrx_word' id='word_1_180' title='bbox 978 2649 1032 2729; x_wconf 59' lang='grc' dir='ltr'>ὧδε</span> <span class='ocrx_word' id='word_1_181' title='bbox 1044 2659 1183 2743; x_wconf 69' lang='grc' dir='ltr'>νομεύων,</span> 
     </span>
     <span class='ocr_line' id='line_1_22' title="bbox 156 2761 1184 2852; baseline -0.011 -19"><span class='ocrx_word' id='word_1_182' title='bbox 156 2769 290 2833; x_wconf 82' lang='lat' dir='ltr'>honores</span> <span class='ocrx_word' id='word_1_183' title='bbox 311 2773 438 2830; x_wconf 82' lang='lat' dir='ltr'><strong>mortuis</strong></span> <span class='ocrx_word' id='word_1_184' title='bbox 452 2767 571 2829; x_wconf 82' lang='lat' dir='ltr'>habitos</span> <span class='ocrx_word' id='word_1_185' title='bbox 585 2790 650 2828; x_wconf 77' lang='lat' dir='ltr'>nae·</span> <span class='ocrx_word' id='word_1_186' title='bbox 690 2765 805 2849; x_wconf 70' lang='grc' dir='ltr'><em>Δάφνις</em></span> <span class='ocrx_word' id='word_1_187' title='bbox 821 2768 835 2832; x_wconf 84' lang='lat' dir='ltr'>o‘</span> <span class='ocrx_word' id='word_1_188' title='bbox 852 2763 908 2838; x_wconf 73' lang='grc' dir='ltr'>τώς</span> <span class='ocrx_word' id='word_1_189' title='bbox 922 2761 1033 2850; x_wconf 71' lang='grc' dir='ltr'><strong><em>ταύρως</em></strong></span> <span class='ocrx_word' id='word_1_190' title='bbox 1049 2769 1100 2831; x_wconf 81' lang='grc' dir='ltr'>κα)</span> <span class='ocrx_word' id='word_1_191' title='bbox 1115 2763 1184 2852; x_wconf 67' lang='grc' dir='ltr'>πὸρ.</span> 
     </span>
     <span class='ocr_line' id='line_1_23' title="bbox 154 2854 1183 2954; baseline -0.01 -15"><span class='ocrx_word' id='word_1_192' title='bbox 154 2876 269 2934; x_wconf 79' lang='lat' dir='ltr'>morari</span> <span class='ocrx_word' id='word_1_193' title='bbox 288 2892 414 2954; x_wconf 64' lang='lat' dir='ltr'>vsqvom</span> <span class='ocrx_word' id='word_1_194' title='bbox 434 2871 514 2939; x_wconf 69' lang='lat' dir='ltr'>vidi:</span> <span class='ocrx_word' id='word_1_195' title='bbox 542 2890 649 2953; x_wconf 71' lang='lat' dir='ltr'>quam·</span> <span class='ocrx_word' id='word_1_196' title='bbox 689 2895 754 2942; x_wconf 75' lang='grc' dir='ltr'>τιας</span> <span class='ocrx_word' id='word_1_197' title='bbox 769 2854 823 2934; x_wconf 62' lang='lat' dir='ltr'>vide</span> <span class='ocrx_word' id='word_1_198' title='bbox 839 2868 998 2938; x_wconf 60' lang='lat' dir='ltr'>nereidem</span> <span class='ocrx_word' id='word_1_199' title='bbox 1019 2890 1097 2951; x_wconf 80' lang='lat' dir='ltr'>quos</span> <span class='ocrx_word' id='word_1_200' title='bbox 1116 2889 1183 2930; x_wconf 90' lang='lat' dir='ltr'>ver·</span> 
     </span>
     <span class='ocr_line' id='line_1_24' title="bbox 155 2969 1182 3062; baseline -0.006 -26"><span class='ocrx_word' id='word_1_201' title='bbox 155 2997 248 3062; x_wconf 89' lang='lat' dir='ltr'>quam</span> <span class='ocrx_word' id='word_1_202' title='bbox 264 2975 302 3034; x_wconf 89' lang='lat' dir='ltr'>ad</span> <span class='ocrx_word' id='word_1_203' title='bbox 317 2975 417 3035; x_wconf 78' lang='lat' dir='ltr'>fontes</span> <span class='ocrx_word' id='word_1_204' title='bbox 439 2989 471 3033; x_wconf 84' lang='lat' dir='ltr'>et</span> <span class='ocrx_word' id='word_1_205' title='bbox 491 2976 525 3032; x_wconf 89' lang='lat' dir='ltr'>in</span> <span class='ocrx_word' id='word_1_206' title='bbox 546 2976 647 3032; x_wconf 84' lang='lat' dir='ltr'>viretis</span> <span class='ocrx_word' id='word_1_207' title='bbox 687 2973 745 3045; x_wconf 88' lang='lat' dir='ltr'><strong>sus,</strong></span> <span class='ocrx_word' id='word_1_208' title='bbox 761 2995 829 3033; x_wconf 87' lang='lat' dir='ltr'>curn</span> <span class='ocrx_word' id='word_1_209' title='bbox 843 2974 940 3032; x_wconf 84' lang='lat' dir='ltr'>multo</span> <span class='ocrx_word' id='word_1_210' title='bbox 953 2975 1102 3048; x_wconf 80' lang='lat' dir='ltr'>malorem</span> <span class='ocrx_word' id='word_1_211' title='bbox 1113 2969 1182 3032; x_wconf 85' lang='lat' dir='ltr'>firn-</span> 
     </span>
     <span class='ocr_line' id='line_1_25' title="bbox 156 3072 1182 3158; baseline -0.01 -17"><span class='ocrx_word' id='word_1_212' title='bbox 156 3081 231 3141; x_wconf 89' lang='lat' dir='ltr'>olim</span> <span class='ocrx_word' id='word_1_213' title='bbox 251 3077 385 3158; x_wconf 84' lang='lat' dir='ltr'>sepulcra</span> <span class='ocrx_word' id='word_1_214' title='bbox 406 3078 485 3136; x_wconf 83' lang='lat' dir='ltr'>facta</span> <span class='ocrx_word' id='word_1_215' title='bbox 506 3072 581 3146; x_wconf 79' lang='lat' dir='ltr'>effe,</span> <span class='ocrx_word' id='word_1_216' title='bbox 604 3089 645 3147; x_wconf 88' lang='lat' dir='ltr'>et,</span> <span class='ocrx_word' id='word_1_217' title='bbox 686 3077 853 3157; x_wconf 85' lang='lat' dir='ltr'>plicitatem</span> <span class='ocrx_word' id='word_1_218' title='bbox 876 3073 1026 3144; x_wconf 87' lang='lat' dir='ltr'>habeant,</span> <span class='ocrx_word' id='word_1_219' title='bbox 1064 3076 1182 3132; x_wconf 78' lang='lat' dir='ltr'>mireris</span> 
     </span>
     <span class='ocr_line' id='line_1_26' title="bbox 111 3159 1184 3261; baseline -0.004 -24"><span class='ocrx_word' id='word_1_220' title='bbox 111 3159 113 3163; x_wconf 13' lang='grc' dir='ltr'><em>Α</em></span> <span class='ocrx_word' id='word_1_221' title='bbox 144 3178 290 3259; x_wconf 79' lang='lat' dir='ltr'>frondes</span> <span class='ocrx_word' id='word_1_222' title='bbox 294 3179 401 3258; x_wconf 84' lang='lat' dir='ltr'>ferre,</span> <span class='ocrx_word' id='word_1_223' title='bbox 419 3180 499 3236; x_wconf 85' lang='lat' dir='ltr'>inter</span> <span class='ocrx_word' id='word_1_224' title='bbox 512 3176 646 3238; x_wconf 82' lang='lat' dir='ltr'>honores</span> <span class='ocrx_word' id='word_1_225' title='bbox 687 3179 861 3261; x_wconf 74' lang='lat' dir='ltr'>virgilianis</span> <span class='ocrx_word' id='word_1_226' title='bbox 877 3174 1061 3257; x_wconf 80' lang='lat' dir='ltr'>posthaberi.</span> <span class='ocrx_word' id='word_1_227' title='bbox 1103 3174 1184 3233; x_wconf 76' lang='lat' dir='ltr'>ltine</span> 
     </span>
     <span class='ocr_line' id='line_1_27' title="bbox 154 3276 1183 3362; baseline -0.004 -21"><span class='ocrx_word' id='word_1_228' title='bbox 154 3297 187 3342; x_wconf 88' lang='lat' dir='ltr'>et</span> <span class='ocrx_word' id='word_1_229' title='bbox 206 3299 335 3339; x_wconf 88' lang='lat' dir='ltr'>munera</span> <span class='ocrx_word' id='word_1_230' title='bbox 354 3294 546 3339; x_wconf 80' lang='lat' dir='ltr'>mortuorum</span> <span class='ocrx_word' id='word_1_231' title='bbox 561 3277 648 3338; x_wconf 90' lang='lat' dir='ltr'>habi·</span> <span class='ocrx_word' id='word_1_232' title='bbox 687 3302 790 3362; x_wconf 73' lang='lat' dir='ltr'>voque</span> <span class='ocrx_word' id='word_1_233' title='bbox 803 3276 970 3353; x_wconf 70' lang='lat' dir='ltr'>adsideret</span> <span class='ocrx_word' id='word_1_234' title='bbox 983 3291 1091 3349; x_wconf 81' lang='lat' dir='ltr'>notus,</span> <span class='ocrx_word' id='word_1_235' title='bbox 1116 3281 1183 3358; x_wconf 89' lang='lat' dir='ltr'>epi·</span> 
     </span>
     <span class='ocr_line' id='line_1_28' title="bbox 154 3378 1183 3463; baseline 0 -22"><span class='ocrx_word' id='word_1_236' title='bbox 154 3397 220 3442; x_wconf 82' lang='lat' dir='ltr'>rum</span> <span class='ocrx_word' id='word_1_237' title='bbox 241 3378 312 3452; x_wconf 83' lang='lat' dir='ltr'>effe,</span> <span class='ocrx_word' id='word_1_238' title='bbox 333 3401 399 3441; x_wconf 90' lang='lat' dir='ltr'>non</span> <span class='ocrx_word' id='word_1_239' title='bbox 420 3385 540 3463; x_wconf 87' lang='lat' dir='ltr'>ignoro.</span> <span class='ocrx_word' id='word_1_240' title='bbox 564 3379 645 3438; x_wconf 84' lang='lat' dir='ltr'>conf.</span> <span class='ocrx_word' id='word_1_241' title='bbox 688 3403 757 3442; x_wconf 86' lang='lat' dir='ltr'>curn</span> <span class='ocrx_word' id='word_1_242' title='bbox 779 3379 837 3455; x_wconf 81' lang='lat' dir='ltr'>est,</span> <span class='ocrx_word' id='word_1_243' title='bbox 872 3401 931 3441; x_wconf 87' lang='lat' dir='ltr'>nec</span> <span class='ocrx_word' id='word_1_244' title='bbox 959 3386 994 3440; x_wconf 89' lang='lat' dir='ltr'>in</span> <span class='ocrx_word' id='word_1_245' title='bbox 1020 3378 1183 3461; x_wconf 81' lang='lat' dir='ltr'>pastoritio</span> 
     </span>
     <span class='ocr_line' id='line_1_29' title="bbox 153 3478 1181 3565; baseline -0.002 -21"><span class='ocrx_word' id='word_1_246' title='bbox 153 3484 273 3555; x_wconf 87' lang='lat' dir='ltr'>locum,</span> <span class='ocrx_word' id='word_1_247' title='bbox 307 3483 341 3541; x_wconf 90' lang='lat' dir='ltr'>in</span> <span class='ocrx_word' id='word_1_248' title='bbox 367 3503 430 3565; x_wconf 90' lang='lat' dir='ltr'>quo</span> <span class='ocrx_word' id='word_1_249' title='bbox 454 3502 522 3539; x_wconf 88' lang='lat' dir='ltr'>curn</span> <span class='ocrx_word' id='word_1_250' title='bbox 542 3478 644 3541; x_wconf 88' lang='lat' dir='ltr'>nostro</span> <span class='ocrx_word' id='word_1_251' title='bbox 688 3489 821 3545; x_wconf 80' lang='lat' dir='ltr'>carmine</span> <span class='ocrx_word' id='word_1_252' title='bbox 839 3482 906 3543; x_wconf 80' lang='lat' dir='ltr'>satis</span> <span class='ocrx_word' id='word_1_253' title='bbox 922 3485 1046 3563; x_wconf 87' lang='lat' dir='ltr'>placere</span> <span class='ocrx_word' id='word_1_254' title='bbox 1068 3481 1181 3563; x_wconf 78' lang='lat' dir='ltr'>potest.</span> 
     </span>
     <span class='ocr_line' id='line_1_30' title="bbox 153 3573 1182 3667; baseline -0.001 -20"><span class='ocrx_word' id='word_1_255' title='bbox 153 3601 264 3660; x_wconf 80' lang='lat' dir='ltr'>cenat,</span> <span class='ocrx_word' id='word_1_256' title='bbox 284 3581 457 3644; x_wconf 76' lang='lat' dir='ltr'>Nemesiani</span> <span class='ocrx_word' id='word_1_257' title='bbox 471 3583 534 3642; x_wconf 89' lang='lat' dir='ltr'><strong>Ecl.</strong></span> <span class='ocrx_word' id='word_1_258' title='bbox 549 3583 579 3655; x_wconf 93' lang='lat'>1,</span> <span class='ocrx_word' id='word_1_259' title='bbox 603 3587 645 3660; x_wconf 78' lang='lat'>64</span> <span class='ocrx_word' id='word_1_260' title='bbox 686 3590 718 3646; x_wconf 88' lang='lat' dir='ltr'>Si</span> <span class='ocrx_word' id='word_1_261' title='bbox 730 3573 733 3578; x_wconf 35' lang='lat'>⁸</span> <span class='ocrx_word' id='word_1_262' title='bbox 747 3602 849 3646; x_wconf 85' lang='lat' dir='ltr'>tamen</span> <span class='ocrx_word' id='word_1_263' title='bbox 876 3586 1018 3667; x_wconf 84' lang='lat' dir='ltr'>exemplo</span> <span class='ocrx_word' id='word_1_264' title='bbox 1052 3585 1182 3646; x_wconf 79' lang='lat' dir='ltr'>defendi</span> 
     </span>
     <span class='ocr_line' id='line_1_31' title="bbox 152 3684 1181 3771; baseline 0.001 -23"><span class='ocrx_word' id='word_1_265' title='bbox 152 3687 217 3771; x_wconf 85' lang='lat' dir='ltr'><strong>sqq.</strong></span> <span class='ocrx_word' id='word_1_266' title='bbox 267 3684 369 3759; x_wconf 89' lang='lat' dir='ltr'>Nihil,</span> <span class='ocrx_word' id='word_1_267' title='bbox 401 3685 487 3769; x_wconf 87' lang='lat' dir='ltr'>quod</span> <span class='ocrx_word' id='word_1_268' title='bbox 514 3685 644 3745; x_wconf 87' lang='lat' dir='ltr'>adrem</span> <span class='ocrx_word' id='word_1_269' title='bbox 683 3686 794 3771; x_wconf 82' lang='lat' dir='ltr'>potest,</span> <span class='ocrx_word' id='word_1_270' title='bbox 812 3688 897 3770; x_wconf 89' lang='lat' dir='ltr'>quod</span> <span class='ocrx_word' id='word_1_271' title='bbox 911 3708 978 3747; x_wconf 90' lang='lat' dir='ltr'>non</span> <span class='ocrx_word' id='word_1_272' title='bbox 990 3707 1048 3768; x_wconf 84' lang='lat' dir='ltr'>per</span> <span class='ocrx_word' id='word_1_273' title='bbox 1061 3686 1093 3747; x_wconf 84' lang='lat' dir='ltr'>se</span> <span class='ocrx_word' id='word_1_274' title='bbox 1106 3708 1181 3769; x_wconf 90' lang='lat' dir='ltr'>pro·</span> 
     </span>
     <span class='ocr_line' id='line_1_32' title="bbox 127 3784 1181 3869; baseline 0 -19"><span class='ocrx_word' id='word_1_275' title='bbox 127 3787 259 3863; x_wconf 77' lang='lat' dir='ltr'>&#39;faciat,</span> <span class='ocrx_word' id='word_1_276' title='bbox 296 3784 642 3869; x_wconf 78' lang='lat' dir='ltr'>efferunt&#39;imerpretos,</span> <span class='ocrx_word' id='word_1_277' title='bbox 684 3790 748 3865; x_wconf 83' lang='lat' dir='ltr'>beo,</span> <span class='ocrx_word' id='word_1_278' title='bbox 774 3787 819 3865; x_wconf 74' lang='lat' dir='ltr'>,est</span> <span class='ocrx_word' id='word_1_279' title='bbox 837 3791 923 3850; x_wconf 87' lang='lat' dir='ltr'>locus</span> <span class='ocrx_word' id='word_1_280' title='bbox 944 3786 1027 3849; x_wconf 89' lang='lat' dir='ltr'>haud</span> <span class='ocrx_word' id='word_1_281' title='bbox 1047 3791 1181 3850; x_wconf 84' lang='lat' dir='ltr'><strong>multum</strong></span> 
     </span>
     <span class='ocr_line' id='line_1_33' title="bbox 150 3889 1179 3975; baseline -0.002 -21"><span class='ocrx_word' id='word_1_282' title='bbox 150 3913 254 3975; x_wconf 88' lang='lat' dir='ltr'>neque</span> <span class='ocrx_word' id='word_1_283' title='bbox 284 3892 369 3953; x_wconf 82' lang='lat' dir='ltr'>locus</span> <span class='ocrx_word' id='word_1_284' title='bbox 393 3890 512 3950; x_wconf 79' lang='lat' dir='ltr'>Horatii</span> <span class='ocrx_word' id='word_1_285' title='bbox 540 3890 641 3949; x_wconf 84' lang='lat' dir='ltr'>Carm.</span> <span class='ocrx_word' id='word_1_286' title='bbox 684 3889 1179 3973; x_wconf 74' lang='lat' dir='ltr'>disparinTheocr.VII,92.95.</span> 
     </span>
     <span class='ocr_line' id='line_1_34' title="bbox 148 3989 1180 4078; baseline 0 -21"><span class='ocrx_word' id='word_1_287' title='bbox 148 3997 203 4071; x_wconf 85' lang='lat' dir='ltr'>III,</span> <span class='ocrx_word' id='word_1_288' title='bbox 223 3997 271 4066; x_wconf 81' lang='lat'>13,</span> <span class='ocrx_word' id='word_1_289' title='bbox 288 4017 316 4054; x_wconf 84' lang='lat'>2.</span> <span class='ocrx_word' id='word_1_290' title='bbox 347 3993 460 4053; x_wconf 80' lang='lat' dir='ltr'>Ofons</span> <span class='ocrx_word' id='word_1_291' title='bbox 472 3989 640 4053; x_wconf 85' lang='lat' dir='ltr'>Bandufiae</span> <span class='ocrx_word' id='word_1_292' title='bbox 723 3998 775 4071; x_wconf 78' lang='lat'>45.</span> <span class='ocrx_word' id='word_1_293' title='bbox 796 3991 1057 4068; x_wconf 79' lang='lat' dir='ltr'>Vid.Theocr,I,</span> <span class='ocrx_word' id='word_1_294' title='bbox 1078 4018 1091 4055; x_wconf 91' lang='lat'>1</span> <span class='ocrx_word' id='word_1_295' title='bbox 1111 4013 1180 4078; x_wconf 86' lang='lat' dir='ltr'>et7</span> 
     </span>
     <span class='ocr_line' id='line_1_35' title="bbox 149 4094 1180 4180; baseline 0.015 -34"><span class='ocrx_word' id='word_1_296' title='bbox 149 4132 192 4146; x_wconf 88' lang='lat'>..</span> <span class='ocrx_word' id='word_1_297' title='bbox 224 4098 325 4156; x_wconf 84' lang='lat' dir='ltr'>Dulci</span> <span class='ocrx_word' id='word_1_298' title='bbox 343 4095 442 4174; x_wconf 76' lang='lat' dir='ltr'>digne</span> <span class='ocrx_word' id='word_1_299' title='bbox 462 4115 551 4153; x_wconf 84' lang='lat' dir='ltr'>mero</span> <span class='ocrx_word' id='word_1_300' title='bbox 579 4115 640 4152; x_wconf 86' lang='lat' dir='ltr'>neo</span> <span class='ocrx_word' id='word_1_301' title='bbox 682 4110 740 4155; x_wconf 79' lang='lat' dir='ltr'>etc.</span> <span class='ocrx_word' id='word_1_302' title='bbox 754 4094 839 4172; x_wconf 86' lang='lat' dir='ltr'>VIII,</span> <span class='ocrx_word' id='word_1_303' title='bbox 855 4097 990 4175; x_wconf 79' lang='lat'><strong>78-85.</strong></span> <span class='ocrx_word' id='word_1_304' title='bbox 1021 4099 1180 4180; x_wconf 81' lang='lat' dir='ltr'>Compara</span> 
     </span>
     <span class='ocr_line' id='line_1_36' title="bbox 138 4194 1178 4282; baseline -0.011 -19"><span class='ocrx_word' id='word_1_305' title='bbox 138 4198 214 4276; x_wconf 75' lang='lat' dir='ltr'>seue</span> <span class='ocrx_word' id='word_1_306' title='bbox 224 4199 390 4282; x_wconf 68' lang='lat' dir='ltr'>floribur:¹</span> <span class='ocrx_word' id='word_1_307' title='bbox 413 4213 497 4260; x_wconf 83' lang='lat' dir='ltr'>recte</span> <span class='ocrx_word' id='word_1_308' title='bbox 511 4195 572 4258; x_wconf 88' lang='lat' dir='ltr'>huc</span> <span class='ocrx_word' id='word_1_309' title='bbox 590 4217 639 4258; x_wconf 87' lang='lat' dir='ltr'>re·</span> <span class='ocrx_word' id='word_1_310' title='bbox 680 4198 813 4280; x_wconf 86' lang='lat' dir='ltr'>Popiurn</span> <span class='ocrx_word' id='word_1_311' title='bbox 834 4194 957 4265; x_wconf 68' lang='lat' dir='ltr'>Pastor,</span> <span class='ocrx_word' id='word_1_312' title='bbox 982 4198 1045 4274; x_wconf 76' lang='grc' dir='ltr'>Ν,</span> <span class='ocrx_word' id='word_1_313' title='bbox 1072 4211 1178 4281; x_wconf 71' lang='lat'>1-4,</span> 
     </span>
    </p>
   </div>
   <div class='ocr_carea' id='block_1_5' title="bbox 0 0 1354 4906">
    <p class='ocr_par' dir='ltr' id='par_1_5' title="bbox 0 0 1354 4906">
     <span class='ocr_line' id='line_1_37' title="bbox 0 0 1354 4906; baseline 0 1"><span class='ocrx_word' id='word_1_314' title='bbox 0 0 1354 4906; x_wconf 95' lang='lat' dir='ltr'> </span> 
     </span>
    </p>
   </div>
  </div>
 </body>
</html>
