2700 4906
158 334 233 407 520
371 331 413 402 Ρ.
438 328 685 407 VIRGILII
720 327 989 404 MARONIS

156 517 338 595 Defectus
363 515 444 591 solis
467 519 606 612 varios,
643 515 832 614 lunaeque
862 513 1037 602 labores3

156 655 268 731 Vnde
288 674 427 746 tremor
447 656 572 739 terris3
607 674 681 749 qua
699 651 737 720 vi
759 627 887 720 mariav
901 648 977 720 alta
993 641 1194 720 tumescant

160 788 354 864 Obiicibus
369 791 495 885 ruptis,
508 781 706 883 rursusque
721 784 761 854 in
780 780 816 856 se
830 781 905 883 ipsa
923 780 1109 868 residant3
1127 779 1192 861 480

160 923 265 1020 Quid
281 940 426 995 tantum
447 922 603 992 Oceano
624 935 828 1017 properent
851 914 887 989 se
908 921 1089 1016 tinguere
1108 910 1191 985 soles

158 1057 334 1144 Hiberni,
372 1054 432 1128 vel
455 1079 552 1153 quae
573 1026 685 1124 tardis
706 1076 811 1124 mora
842 1049 1024 1125 noctibus
1048 1042 1172 1122 obstet

160 1193 244 1278 Sin,
278 1189 416 1260 hasne
437 1184 569 1285 possim
588 1202 745 1263 naturae
767 1181 956 1257 adcedere
985 1200 1124 1283 partes,

158 1322 325 1422 Frigidus
353 1317 531 1392 obstiterit
551 1322 693 1393 circum
711 1315 933 1419 praecordia
959 1314 1127 1415 [arguis.

228 1545 279 1613 478
299 1543 408 1596 laboris
422 1541 532 1596 Mentel·
547 1560 562 1594 a
575 1561 611 1595 m.
620 1561 660 1615 pr.
696 1542 797 1595 Laudat
809 1541 908 1594 versum
916 1541 1043 1597 Macrob.
1059 1540 1094 1595 de
1106 1538 1188 1593 Sem

160 1629 232 1700 Scip.
252 1631 272 1689 l,
290 1630 329 1683 15.
398 1637 449 1698 479
467 1630 623 1698 tusemcunt
643 1626 762 1698 Lougob.
783 1645 808 1680 et
825 1627 899 1681 voli.
919 1647 957 1699 pr.
1038 1631 1090 1696 480
1106 1626 1189 1680 obict-

162 1718 213 1771 bus
232 1714 345 1767 scribunt
363 1712 423 1776 alii5
448 1730 473 1767 et
488 1712 523 1766 stc
545 1715 596 1766 iarn
615 1712 685 1785 apud
699 1712 815 1766 Gellium
827 1713 864 1766 N.
880 1718 910 1766 Δ.
925 1713 972 1776 Ν,
992 1731 1034 1784 ¹7·
1076 1710 1186 1783 infidam

162 1801 289 1854 ed.Dan.
311 1814 337 1851 et
356 1815 410 1851 ant.
432 1799 492 1852 edd.
529 1797 650 1869 resident
670 1798 767 1850 Morcti
788 1817 827 1869 pr.
909 1795 1185 1870 481properanted

161 1888 232 1942 lunt.
268 1893 408 1955 intingere
429 1883 512 1937 Goth.
534 1884 582 1940 lec.
658 1885 708 1951 483
730 1902 788 1935 non
806 1897 920 1954 quatuor
940 1902 983 1956 ap.
1008 1888 1098 1940 Burm.
1139 1898 1186 1937 uos

163 1969 273 2045 poffum
291 1970 373 2024 Goth.
393 1967 441 2022 sec.

163 2164 205 2224 99
214 2143 277 2226 sqq.
294 2143 433 2220 Propert.
442 2138 496 2211 lll,
506 2139 536 2213 5,
546 2142 585 2202 25
594 2137 657 2221 sqq.
700 2161 761 2222 que
772 2137 913 2200 mensura
925 2141 1080 2223 intellige.
1102 2141 1186 2201 Etiam

163 2248 237 2323 478.
266 2243 364 2299 lunae
386 2242 524 2312 labores,
556 2240 658 2300 delec—
700 2240 759 2302 hoc
774 2246 933 2302 Lucretius
956 2243 1185 2324 exposueras,

162 2359 220 2405 tus.
235 2346 392 2403 Lucretius
401 2345 438 2415 V,
450 2346 511 2421 750
525 2342 656 2401 dixerat:
701 2349 761 2424 679
777 2345 838 2427 sqq.
863 2344 955 2427 Quid
967 2361 1108 2406 tantum
1120 2365 1184 2426 pro·

166 2446 251 2505 Solis
272 2448 350 2503 iterii
364 2465 493 2526 quoque
510 2442 658 2523 Affectus
696 2464 813 2527 pererit
819 2447 911 2523 soles
925 2448 1079 2515 hiberni,
1109 2447 1149 2510 sol
1160 2451 1185 2504 it

165 2547 583 2628 Limaequelatebras(vel
600 2545 659 2607 hoc
700 2548 800 2608 hieme
808 2591 819 2620 ,
872 2548 1000 2610 hiemali
1040 2568 1183 2633 tempore,

163 2671 226 2709 vno
246 2649 349 2722 versu,
372 2650 533 2731 virgiliani
553 2653 658 2707 carmi·
699 2654 849 2727 tinguere
865 2651 910 2728 se
934 2655 1090 2723 Oceano,
1118 2656 1183 2715 occi·

163 2757 211 2814 nis
237 2769 353 2833 quanta
380 2748 581 2821 inanitum,
611 2757 657 2810 in·
699 2753 772 2812 dere
790 2768 847 2812 etc.

162 2856 300 2937 telliges)
329 2854 482 2912 Pluribus
505 2873 524 2910 e
544 2851 657 2929 cauffis
740 2855 919 2932 485-489.
946 2857 980 2914 st
998 2854 1182 2939 philosophus

163 2957 215 3036 (lri
256 2958 324 3017 sunt
358 2955 507 3035 Affectus
543 2955 653 3036 varii)
687 2951 758 3048 ¹elle
779 2960 898 3035 nequit,
933 2960 1073 3038 agricola
1093 2961 1181 3021 saltem

154 3061 238 3142 fieri
267 3060 328 3118 tibi
353 3059 443 3137 poffe
468 3057 657 3139 patrandum
699 3054 758 3116 elle
778 3056 850 3117 vult.

163 3162 216 3237 esi.
276 3171 349 3239 479.
384 3183 450 3242 qua
471 3164 507 3218 vi
528 3182 589 3228 nn,
624 3158 654 3219 h.
761 3161 833 3234 484.
870 3160 1040 3240 Stuporem
1064 3168 1179 3225 animia

163 3259 274 3322 caussas
300 3261 430 3321 accessus
463 3283 498 3320 ac
526 3258 654 3320 recessus
690 3259 824 3340 frigore
856 3262 1042 3339 sanguinis
1083 3269 1176 3328 ducere

160 3368 251 3423 maris
272 3359 442 3424 aestuantis.
484 3367 655 3446 Argumen·
696 3362 893 3443 rectepotest
913 3383 1026 3445 poeta,
1055 3374 1110 3452 qui
1128 3385 1178 3429 tau·

133 3536 136 3543 Ι
162 3480 229 3523 tum
245 3464 312 3523 sane
333 3464 560 3546 philosophicae
581 3489 655 3527 con·
697 3481 762 3525 tum
777 3466 950 3546 probabilia
966 3469 1121 3552 sequitur3
1142 3475 1177 3528 in·

160 3566 367 3645 temptationis
378 3568 551 3637 sollennius,
562 3592 654 3652 quam
696 3572 800 3648 primis
833 3584 902 3627 cum
940 3593 958 3630 e
1000 3570 1174 3653 philosophis

163 3668 309 3742 alterum,
337 3669 549 3750 tempestatum
564 3676 654 3731 maris
696 3671 839 3729 nonnulli
861 3675 901 3728 ita
928 3671 1047 3734 sensisse
1066 3677 1175 3735 videan-

160 3769 295 3852 caussae3
342 3774 427 3854 quod
461 3776 585 3855 quidem
621 3789 654 3833 et
696 3787 753 3834 tur.
804 3771 1022 3851 Empedocles
1042 3785 1174 3836 animun

159 3871 258 3952 ipsum
286 3874 376 3933 verba
404 3877 527 3937 ferrent.
593 3875 654 3935 ob.
695 3875 757 3953 effe
778 3876 885 3951 censet
907 3877 1004 3936 cordi
1021 3879 1173 3960 snffirsmn

158 3976 237 4034 iices
260 3974 325 4035 sunt
344 3978 447 4034 littora
462 3981 600 4055 inprimis
618 3983 652 4037 in
681 3975 884 4054 sanguinem
909 3981 972 4039 Cic.
1001 3983 1090 4044 Tusc.
1124 3984 1173 4061 Qu.

158 4076 320 4138 aestuariis.
370 4082 442 4154 48ι.
464 4076 584 4138 Caullas
602 4102 652 4139 va·
692 4080 717 4151 1,
735 4101 765 4159 9,
788 4080 838 4139 vbi
855 4082 913 4140 vid.
929 4083 1057 4145 Dauies.
1092 4082 1173 4166 Quod

157 4183 272 4241 rietatis
298 4183 332 4240 in
360 4179 479 4241 dierum
498 4186 651 4242 noctium·
692 4204 766 4244 vero
783 4182 962 4266 sanguinem
982 4190 1073 4249 circa
1088 4206 1172 4269 prae·
1223 4213 1225 4299 p
