2692 4914
149 323 225 404 δία
357 312 400 382 Ρ.
425 307 673 385 VIRGlLII
703 305 964 383 MARONIS

148 513 270 606 Saepe
291 497 378 573 oleo
401 493 497 567 tardi
522 491 638 569 costas
667 499 823 595 agitator
852 491 953 568 alelli

147 640 293 720 Vilibus
318 650 381 706 aut
402 647 533 704 onerat
552 632 691 728 pomis3
724 628 965 730 lapidemque
987 644 1179 702 reuertens

148 771 337 862 Incusum,
376 783 441 839 aut
477 780 578 836 atrae
612 759 763 835 mallum
786 767 899 865 picis,
939 759 1033 835 vrbe
1053 786 1180 863 repor-

684 978 687 982 ,
766 915 830 969 tat.
1106 896 1177 995 275

215 1031 294 1141 lpla
320 1034 399 1108 dies
422 1030 514 1104 alios
537 1028 611 1104 alio
641 1027 745 1105 dedit
769 1031 900 1105 ordine
920 1032 1033 1104 Luna

216 1215 595 1294 2751n0uffumu0manus,
628 1213 727 1268 Medic.
748 1233 809 1270 curu
823 1215 969 1288 plurimum
1009 1216 1076 1270 itam
1096 1215 1177 1271 Goth·

149 1331 206 1386 pr„
226 1308 305 1361 etiam
325 1301 395 1374 apud
410 1301 569 1354 Matrinum:
599 1298 686 1372 licque
698 1299 757 1354 Ald.
778 1320 816 1374 pr.
835 1317 861 1354 et
881 1301 948 1362 [σας
967 1316 997 1355 ιι
1013 1302 1133 1374 Naupor.
1152 1303 1179 1356 iu

147 1396 223 1453 tertia
241 1388 355 1464 reposuit
369 1385 515 1454 Incusum·
541 1398 567 1436 et
581 1385 632 1436 iam
647 1387 812 1457 antoEgnat.
831 1388 903 1440 1506.
938 1385 1016 1441 idem
1031 1388 1178 1460 proditore

144 1484 212 1553 neg.
226 1499 241 1531 a
256 1497 290 1529 m.
299 1493 336 1548 pr.
346 1470 429 1525 Goth.
444 1468 492 1523 sec.
527 1470 668 1542 lncoffum
675 1472 742 1524 Van.
770 1473 892 1543 incisum
905 1469 978 1525 {luxit
994 1471 1059 1526 edit.
1067 1472 1176 1527 Muluio.

23 1606 26 1611 .
146 1570 198 1640 276
217 1563 279 1637 ipsa
301 1560 361 1614 dics
379 1558 461 1610 alios.
483 1555 580 1608 nemini
594 1557 622 1608 iu
643 1572 756 1611 mentam
767 1559 851 1612 veniet
870 1559 944 1612 aliae
955 1575 1100 1631 reponant,
1120 1576 1178 1612 cun

140 1739 286 1823 salubri.
313 1734 352 1794 cl.
374 1732 428 1795 inf.
448 1731 502 1804 111,
523 1731 584 1810 445
601 1728 643 1810 sq.
684 1750 713 1790 v.
739 1750 801 1811 2²7
832 1730 909 1790 vilis
922 1729 1064 1810 faselus.
1113 1731 1175 1790 La-

149 1851 315 1926 Argutatur
343 1840 377 1895 in
405 1832 463 1894 hac
486 1854 563 1894 voce
590 1832 644 1890 ad·
679 1835 735 1914 pis
755 1835 902 1912 incusor,
924 1831 988 1894 siue
1007 1834 1109 1906 rudia,
1135 1832 1176 1895 al·

150 1953 229 2008 iectu
244 1938 382 2004 Macrob.
398 1936 429 2008 1,
455 1939 503 2010 16,
521 1958 553 2017 p.
570 1936 641 2014 287·
683 1956 756 2016 per,
802 1934 864 1996 [lue
890 1934 973 1996 cuius
999 1952 1032 1996 et
1056 1934 1173 1998 incisus.

149 2043 313 2113 ldemffl,
332 2044 353 2104 5
375 2054 449 2099 extr.
497 2038 642 2097 Corietur
682 2039 732 2098 De
755 2039 836 2099 mola
856 2036 990 2097 manuali
1011 2037 1078 2099 iere
1100 2041 1174 2099 occi·

149 2153 236 2208 enim
271 2147 307 2203 in
344 2145 417 2198 inre
452 2138 639 2221 Pontificio,
682 2144 766 2221 pitur
783 2137 850 2219 post
862 2141 1013 2200 Seruium.
1043 2143 1108 2222 pic
1124 2161 1173 2201 va·

147 2266 186 2309 vt
224 2282 258 2294 -
286 2243 383 2322 festis
417 2239 531 2298 diebus
563 2260 641 2312 pur·
681 2247 733 2303 riis
747 2239 844 2302 vlibua
859 2238 1018 2324 agrestium
1033 2242 1172 2319 infernin

147 2347 282 2431 gandae
300 2347 399 2404 &maa
427 2344 542 2418 gralia
564 2359 640 2398 oues
681 2360 713 2404 vt
754 2341 856 2403 mustis
897 2341 1080 2404 condiendis
1115 2359 1173 2405 etc·

146 2456 264 2514 lauare
291 2467 358 2505 non
386 2446 503 2510 liceat:
541 2442 640 2512 liceat
680 2447 815 2507 Notetur
835 2461 867 2505 et
885 2447 938 2505 illa
959 2445 1079 2507 forma:
1104 2447 1170 2524 agi·

145 2571 266 2620 autem,
301 2549 498 2608 moratione
504 2545 640 2622 scabies
681 2563 772 2608 tator
785 2547 878 2625 aselli
891 2580 933 2594 —-
957 2565 1088 2616 onerat,
1112 2570 1169 2629 pro

144 2653 311 2719 abluenda
339 2648 405 2726 sit:
460 2646 535 2706 ideo
576 2649 640 2706 ltoc
680 2652 831 2733 agricola3
881 2670 974 2732 quem
1006 2672 1104 2732 poma
1137 2656 1169 2711 iu

147 2779 277 2846 quoque
299 2759 388 2815 inter
408 2751 556 2832 conceffa
579 2772 639 2808 nu·
680 2751 785 2812 vrbem
799 2756 920 2812 mittere
934 2753 1081 2826 dictunrs,
1095 2774 1169 2838 quo·

145 2864 287 2925 meronie
315 2857 537 2936 Balantumque
571 2874 639 2936 gre-
678 2860 762 2914 niam
783 2854 862 2914 aselli
883 2875 977 2934 opera
998 2859 1034 2914 in
1054 2877 1094 2917 co
1114 2860 1167 2915 vti·

145 2989 197 3051 ges
226 2965 323 3026 fluuio
352 2958 499 3025 meriare;
549 2953 641 3036 qnod
678 2971 738 3030 tur,
759 2960 956 3034 agitatorem
973 2955 1059 3032 osmi
1076 2973 1167 3040 poeta

134 3068 354 3146 flumusque
374 3059 513 3139 disciffet,
544 3057 639 3115 licita
679 3060 829 3140 appellat:
858 3081 924 3121 non
947 3063 1032 3119 enim
1055 3061 1095 3122 de
1115 3058 1165 3120 afi-

146 3184 180 3229 et
199 3171 305 3228 vetita
326 3161 540 3242 confuderat,
559 3159 638 3237 sed,
677 3165 765 3222 nario
805 3165 875 3244 agit„
944 3161 1094 3224 Ceterum
1130 3182 1164 3224 cx

145 3267 334 3329 adiiciendo
347 3265 466 3334 salubri,
494 3264 636 3344 cauffam
676 3287 705 3325 v.
728 3273 798 3345 274.
823 3266 882 3343 275
910 3278 1013 3344 patet,
1054 3264 1163 3326 ferialis

142 3370 309 3449 conceffae
353 3366 533 3424 ablutionis
580 3385 636 3423 ex-
677 3366 889 3428 diebusetiam
903 3372 1103 3429 mercatuain
1120 3389 1164 3428 vr·

137 3469 258 3555 proffit.
286 3469 323 3528 cf.
341 3468 461 3529 Colum.
477 3467 496 3527 l.
518 3466 538 3530 l.
559 3471 585 3542 §.
604 3488 634 3527 2.
675 3468 764 3528 bibus
787 3468 905 3528 habitos
926 3466 1004 3541 elle,
1033 3471 1115 3532 vnde
1129 3489 1163 3531 ex

140 3574 239 3632 Varro
262 3591 311 3651 ap.
327 3571 466 3629 Seruium
490 3566 575 3626 adh.
592 3568 612 3627 l.
675 3574 865 3633 venditorum
881 3590 1048 3651 pomorum
1064 3576 1162 3654 pretio

184 3674 375 3753 273-275·
404 3671 490 3730 llaec
513 3689 550 3729 ex
578 3669 634 3729 du·
674 3679 776 3756 picem
811 3689 842 3732 et
880 3673 1015 3752 lapidem
1057 3694 1162 3754 parare

139 3780 255 3839 riorum
270 3773 520 3854 patrumfamilias
539 3778 632 3832 ratio·
673 3777 806 3860 agricolo
824 3773 931 3856 pollet.
960 3776 997 3835 cf.
1018 3778 1161 3838 Varronis

139 3901 199 3950 ne;
228 3893 260 3938 vt
283 3878 424 3947 Catonis,
454 3895 479 3934 c.
506 3879 573 3939 138.
603 3897 631 3939 v.
671 3880 774 3940 locum
793 3899 842 3958 ap.
856 3881 942 3938 Seru.
958 3877 996 3938 ad
1012 3881 1086 3956 275.

140 3986 263 4046 Colum.
277 3981 315 4053 11,
333 3999 385 4045 22,
399 3979 429 4040 5.
462 3978 554 4039 Vilia
570 4001 631 4060 po·
734 3983 925 4060 276-286.
968 3982 1069 4042 Etiam
1101 3983 1163 4043 diet

140 4110 196 4148 ma
233 4088 374 4146 dicuntur
408 4079 447 4139 ad
487 4102 630 4166 magnam
671 4086 794 4146 lunares
810 4084 1016 4146 obseruandos
1037 4080 1099 4144 eil'o
1120 4083 1163 4143 di·

138 4195 261 4273 copiam
300 4184 517 4250 denotandam,
579 4186 630 4246 Sic
671 4191 728 4270 cit;
760 4186 828 4269 ¹elie
849 4191 933 4249 euim
946 4186 1022 4248 alios
1041 4183 1162 4259 faustos,
