2700 4906
320 320 618 398 avcomcl
644 323 762 394 acu.
784 322 859 413 111,
876 322 1037 420 39-42
1142 356 1191 429 77

101 503 103 601 j
157 509 200 578 ‘in
217 504 346 579 medio
361 507 440 581 duo
461 507 577 616 signa,
603 511 755 582 Conon:
778 513 911 609 etquis
926 508 995 586 fuit
1011 510 1113 604 alter,
1138 521 1188 599 lo

161 637 356 738 Descripsit
376 642 485 716 radio
516 662 637 716 totum
657 648 722 744 qui
744 643 916 741 gentibus
939 643 1086 735 orbem;

160 775 345 874 Tempora
373 802 472 877 quae
499 774 647 870 messor,
691 782 788 880 q'uae
812 803 948 852 curuus
973 796 1097 852 arator
1113 781 1187 859 ¹ha·

773 909 905 985 bereti

214 1087 251 1146 4²
267 1077 390 1133 haberer
409 1096 510 1134 arator
537 1082 590 1137 duo
608 1084 698 1136 Burm.

152 1227 294 1313 expressit
311 1232 365 1292 illa
377 1233 484 1294 Maro:
516 1234 569 1300 Τῶ
583 1233 652 1318 περὶ
694 1238 768 1293 certi
788 1232 905 1316 aliquid
926 1234 967 1296 de
988 1238 1025 1296 iir
1045 1256 1185 1318 pronun·

150 1336 204 1410 μὲν
234 1332 336 1416 χειλη
361 1330 511 1418 μαρὸεται
552 1330 650 1417 ὑψόθι
695 1339 769 1398 tiare
784 1335 884 1396 liceat.

150 1431 270 1507 morde,
314 1437 422 1494 ambit
450 1457 543 1496 oram
567 1435 651 1514 oafis
734 1444 785 1516 4ο.
807 1435 846 1497 lh
862 1435 969 1498 medio
986 1436 1183 1519 duosrgna:
1216 1472 1219 1477 ·

149 1533 293 1609 hedera,
312 1533 417 1608 morde
431 1531 588 1622 ἑλιχρῦσῳ
602 1563 650 1603 κε.
693 1535 815 1597 Conota
866 1540 935 1599 Fuit
959 1540 1072 1603 Conon
1103 1545 1184 1606 cele·

148 1639 340 1716 ιονισμένος,
376 1636 455 1700 flore
480 1638 648 1725 helichrylo
690 1637 838 1700 berrimua
881 1639 1110 1708 mathematicus
1150 1662 1183 1709 et

149 1741 205 1816 (de
229 1761 297 1823 quo
323 1742 484 1825 quomodo
508 1742 648 1802 dubitare
691 1739 897 1814 astronomus,
917 1748 971 1824 qui
987 1748 1184 1810 circaPtole·

148 1840 293 1924 poliunt,
335 1847 390 1926 qui
423 1843 511 1926 ldyll.
539 1845 586 1916 11,
607 1847 649 1925 78
690 1847 771 1903 maei
782 1841 973 1922 Philadelphi
987 1860 1125 1926 tempora
1140 1853 1184 1909 vi·
1288 1841 1293 1846 ⁸

147 1944 321 2028 legeraml)
341 1944 475 2022 vestita,
491 1948 647 2027 implicita,
689 1948 749 2018 xit,
796 1948 879 2004 cuius
905 1944 1101 2010 Archimedes
1129 1952 1183 2011 ali·

147 2043 214 2109 iai
236 2034 312 2124 ’ἕλιξ
328 2043 527 2125 ἀγαλλομένη
543 2047 651 2132 καρπῷ
691 2050 828 2128 quoties,
857 2060 1012 2127 tamquam
1032 2047 1087 2109 libi
1109 2057 1183 2113 ami·

148 2142 302 2231 spondam
318 2149 444 2211 εἱλεῖται
463 2146 530 2212 κατ’
549 2145 649 2220 adrdr,
690 2144 793 2207 ciffimi
814 2161 845 2207 et
866 2144 1024 2208 doctiffimi
1038 2148 1181 2229 hominis,

149 2247 283 2310 hederae
299 2240 404 2309 autem
418 2251 574 2323 racemuli,
596 2272 649 2310 oo·
688 2265 721 2309 et
732 2248 872 2309 'Catullus
894 2249 937 2307 de
957 2273 1052 2310 coma
1065 2257 1180 2316 Berea.

148 2350 253 2431 tymbs·
277 2348 389 2430 diffl‘fi
419 2350 560 2423 hedera,
596 2373 648 2412 co-
689 2350 981 2432 v.7exCallimacho
991 2360 1181 2425 mentionem

147 2452 247 2535 rymbi
259 2450 408 2526 hederae,
423 2450 532 2524 diffusi,
546 2452 648 2512 fructu
688 2453 768 2512 lecit.
785 2453 822 2512 cl.
838 2453 929 2511 Mart.
945 2450 974 2510 h.
988 2454 1008 2514 l.
1030 2459 1182 2538 quissuie

148 2575 258 2614 croceo
281 2552 337 2613 seu
353 2553 453 2614 baccis
472 2560 572 2615 ornati
596 2555 645 2629 ges.
687 2555 774 2613 alter
787 2588 829 2602 -
851 2553 889 2613 de
907 2553 1019 2614 celebri
1045 2550 1196 2620 astrono?

147 2656 244 2719 Banu
269 2656 310 2715 ad
334 2657 441 2715 Horat.
466 2656 523 2737 Ep.
546 2657 645 2735 1,19,
687 2678 738 2717 mo
748 2657 832 2738 loqui
847 2675 917 2715 eum
930 2655 1049 2718 necelle
1065 2658 1117 2731 est,
1127 2663 1180 2742 qui

152 2765 224 2837 rol,
263 2759 434 2818 voluuntur
455 2761 534 2817 clrca
560 2757 645 2816 illum
687 2758 761 2818 caeli
783 2758 905 2838 plagas,
935 2774 1020 2817 ortus
1044 2761 1177 2820 occasus.

148 2857 407 2942 (helichrysum),
439 2856 549 2918 liorem
575 2879 645 2918 eum
686 2882 746 2942 que
769 2858 896 2919 siderum
904 2901 915 2931 ,
949 2875 980 2918 et
1002 2865 1076 2918 anni
1103 2876 1180 2920 tem·

147 2964 316 3044 implicant.
360 2960 408 3019 Ita
429 2959 494 3020 fere
515 2981 563 3040 ap.
582 2962 645 3020 Ne-
688 2983 764 3041 pora
799 2965 832 3019 iu
867 2960 1069 3040 agricolarum
1097 2959 1180 3021 vsum

148 3063 272 3124 nefian.
287 3062 353 3121 Ecl.
364 3061 418 3131 111,
437 3063 484 3124 18.
502 3082 538 3141 19
554 3064 645 3121 vitea
688 3059 882 3140 descripserit.
898 3061 945 3120 Ad
952 3064 1078 3121 Aratum
1088 3063 1180 3139 (male

139 3167 231 3243 serra
264 3164 440 3246 plicantur
477 3163 643 3242 corymbis.
687 3163 881 3223 Ptolemaeus
893 3168 1110 3245 interponitur,
1126 3167 1182 3246 qui

148 3264 643 3338 Ci.sertumTlreocr.111,2z.23.
687 3267 739 3324 CL
763 3269 848 3325 annis
870 3264 960 3326 serius
985 3269 1090 3345 vixit),
1119 3267 1181 3326 Eu·

150 3371 315 3441 Cetemm,
343 3371 397 3449 qui
417 3367 645 3447 lloalrelicluy·
687 3368 810 3439 doxum,
835 3369 973 3437 Samius,
993 3370 1044 3427 alii
1058 3367 1099 3428 ad
1114 3369 1181 3428 He-
1253 3357 1255 3361 ⁷

141 3474 193 3550 sus
205 3471 256 3545 fit,
271 3477 388 3552 ignoro
403 3469 565 3548 cumahia3
588 3469 646 3528 flo-
686 3468 814 3542 liodum,
836 3471 1105 3542 Anaximandmm,
1121 3472 1181 3530 Ar-

149 3596 207 3637 rem
220 3570 287 3635 eise
306 3586 402 3652 patet.
445 3573 496 3630 An
515 3567 550 3630 fit
572 3589 647 3652 gna·
689 3569 873 3645 chimedem,
907 3573 1053 3633 referunt.
1114 3571 1181 3632 Iam

149 3676 283 3758 phalium
297 3671 435 3733 stoechas
449 3674 541 3731 lino.
562 3672 649 3752 quod
688 3672 901 3734 Archimedem
923 3674 1101 3734 familiarem
1119 3675 1181 3735 Co-

152 3784 354 3841 coniecturum
377 3775 457 3846 vidi,
491 3773 650 3853 dispiciant
690 3781 781 3837 nonis
801 3774 905 3847 mille,
936 3790 968 3836 et
989 3773 1145 3854 sphaeram
1160 3797 1180 3838 e

153 3877 305 3942 botanicea
347 3871 491 3958 magistri.
555 3875 650 3957 Atqui
690 3882 769 3965 vitro
786 3872 963 3948 conlecille,
998 3873 1117 3947 constat
1131 3879 1181 3938 vel

156 3982 194 4043 illi
213 3983 363 4051 clamant,
386 3993 448 4038 tam
461 3997 569 4057 parum
584 3997 649 4036 cer·
691 3999 727 4038 ex
741 3978 909 4040 Claudiano
924 3982 1020 4060 epigr.
1029 3979 1080 4040 86.
1096 4000 1124 4037 v.
1136 3977 1181 4038 ibi

159 4097 198 4145 ior
240 4083 431 4144 characteres
474 4080 648 4160 plantarum
692 4078 801 4152 Gesn.;
844 4102 966 4155 verum,
1008 4101 1079 4141 eum
1114 4099 1182 4139 rem

164 4188 329 4250 averenbus
343 4185 491 4271 proditor
512 4179 588 4261 else,
618 4195 651 4244 vt
691 4180 830 4257 rusticam
857 4183 909 4245 sua
938 4197 1002 4244 arte
1024 4177 1181 4254 adiuuilse,

199 4287 328 4354 Turul.
750 4282 765 4345 Ῑ
