2700 4906
127 307 423 384 ronorcou
446 307 547 382 Lm.
569 305 639 398 ιν,
660 303 868 411 138-148
949 308 1044 383 εει·

128 502 200 569 iam
219 493 313 570 ieras
340 500 381 568 in
398 493 542 569 verium
568 492 710 566 distulit
736 491 865 585 vlmoe'

128 655 232 733 nque
254 633 393 731 pirum,
439 646 477 703 et
505 625 627 728 spinos
654 630 730 699 iam
759 652 879 728 pruna
905 625 1027 704 feren.-

612 765 668 851 tis,
953 764 1021 850 145

128 923 149 971 e
163 895 427 970 ministrantem
440 894 629 994 platanum
642 892 857 994 potantibus
867 894 1024 971 umbras.

128 1060 134 1101 ι
152 1030 245 1106 haec
264 1028 339 1130 ipse
360 1028 537 1128 equidem
563 1027 682 1130 spatiis
709 1026 873 1102 exclusus
890 1034 1026 1131 iniquis

128 1190 212 1260 reo,
248 1183 361 1266 atque
389 1162 468 1236 aliis
498 1161 580 1265 post
610 1186 672 1235 me
699 1163 942 1236 memoranda
969 1190 1027 1240 re·

610 1289 755 1390 linquo,

131 1479 186 1531 quo
201 1455 272 1511 abeli
292 1473 308 1509 ι
324 1453 427 1508 duobus
442 1455 531 1508 Burm.
565 1454 741 1527 Idummquo
760 1451 834 1509 Leid.
849 1474 889 1527 pr.
906 1474 970 1512 um.
984 1479 1024 1531 pr.

128 1548 204 1599 lodic.
219 1563 233 1595 a
248 1563 284 1595 m.
299 1562 338 1615 pr.
374 1539 543 1606 Edumtque
556 1549 643 1610 pinus
656 1542 739 1594 Goth.
755 1560 812 1611 pn,
834 1558 917 1595 metro
932 1544 1026 1601 inuito.

128 1631 183 1684 eid.
197 1628 299 1684 zulich.
315 1625 442 1680 Rortend.
455 1644 494 1694 pr.
511 1644 575 1677 nm.
594 1645 633 1698 pr.
648 1628 746 1680 Moror.
760 1624 807 1680 soc.
843 1645 949 1696 prunos
967 1641 1026 1685 iam

128 1724 219 1769 reneis
233 1715 300 1767 Von.
372 1712 420 1776 146
437 1711 552 1764 umbras
573 1709 662 1765 Heius.
682 1711 834 1764 oPiorimit
848 1712 944 1768 etsuis.
982 1718 1028 1772 sic

128 1821 142 1855 t.
158 1817 185 1857 ot
198 1818 289 1853 omnes
304 1796 420 1850 Martini.
455 1797 583 1849 umbram
597 1795 683 1866 vulgo.
717 1797 1027 1867 platanus-‘umbram

128 1929 132 1944 ,
203 1896 250 1953 ι47
270 1884 342 1936 haec
363 1882 422 1951 lpse
442 1880 557 1950 quidem
576 1899 676 1934 nouem
697 1879 767 1951 apud
787 1882 894 1944 Burni..
922 1901 1028 1958 vterque

129 1972 192 2043 egio·
207 1987 232 2023 et
243 1969 290 2022 Ed.
305 1966 427 2021 Norimb.
471 1965 728 2038 haooipseeadem
740 1966 809 2019 Ven.
849 1967 912 2038 ipsa
925 1971 1024 2026 Medic.

156 2057 284 2125 exclusus
298 2070 389 2106 omnes
404 2051 515 2104 Pieriani
534 2066 560 2106 et
574 2050 717 2112 Heiulinni,
737 2051 820 2106 Goth.
835 2050 883 2105 soc.
897 2070 923 2107 et
933 2070 1026 2112 omnen

138 2157 164 2195 et
183 2140 320 2195 confirmat
336 2136 501 2191 columellae
514 2137 625 2190 imitatio
639 2136 684 2191 lib.
697 2137 723 2189 X
735 2155 774 2208 pr.
810 2136 905 2210 Vulgg.
923 2140 1027 2195 dtsclu.

129 2246 154 2280 e.
189 2227 276 2282 Altera
297 2239 385 2276 tamen
404 2223 483 2275 lectio
505 2223 557 2275 ium
579 2221 611 2274 ab
625 2223 736 2294 Egnatio
754 2236 809 2274 erut
826 2222 944 2292 prodito,
971 2244 1028 2282 ere

148 2313 189 2367 ed.
211 2307 389 2368 eommelin„
423 2322 480 2361 tum
505 2309 540 2360 H.
562 2306 653 2378 Steph.
675 2321 702 2360 et
721 2306 858 2361 Pulmnnn.
899 2311 1028 2384 seclusus

129 2417 158 2452 tr.
230 2398 277 2464 148
294 2395 359 2467 post
372 2412 416 2446 mo
428 2389 615 2448 memo'randa
626 2393 740 2463 Nnuger.
757 2411 817 2447 cum
831 2392 933 2468 steph„
954 2401 1029 2472 quod

129 2558 231 2633 ·¹45·
256 2552 313 2612 Ille
335 2553 426 2611 etiam
450 2549 495 2610 vl·
537 2547 759 2622 adolescentes,
790 2548 841 2611 sed
861 2556 922 2613 iem
943 2555 1029 2617 adul·

143 2654 312 2725 ordinibus,
340 2647 417 2717 nurui
434 2649 494 2716 στί·
536 2665 592 2724 tas,
614 2653 708 2732 piros
726 2650 858 2722 edurat,
885 2653 915 2715 h.
937 2636 1027 2719 valde

133 2782 188 2822 .e.
209 2760 261 2818 ille
280 2757 430 2816 ulmorum
445 2774 495 2815 or·
536 2753 637 2825 duras,
678 2753 808 2824 validam
850 2757 932 2817 conf.
955 2758 1027 2824 Var.

129 2861 256 2929 >suetan
279 2873 309 2917 at
324 2857 494 2938 elegantius
535 2858 621 2918 Lect.
649 2855 688 2916 ud
712 2855 769 2929 Ge.
789 2855 829 2930 11,
848 2859 900 2921 65.
958 2861 1028 2943 Spi-

136 2959 332 3042 ,dispoluit,
366 2961 402 3016 in
421 2977 495 3014 oer—
536 2980 613 3032 nus,
636 2965 642 2975 '
663 2957 870 3045 oxyecanthu,
917 2960 1030 3040 Hage-

129 3065 177 3128 ηιξ.
200 3066 257 3124 Ge.
279 3063 319 3133 11,
346 3081 405 3140 277
430 3058 493 3141 sqq.
537 3059 634 3129 dom,
657 3065 705 3120 cui
726 3066 784 3120 iam
803 3082 919 3142 prunus
940 3063 1028 3127 infim
1093 3052 1095 3056 ⁵

138 3170 231 3241 duce,
277 3184 369 3246 quem
400 3161 494 3221 lulius
537 3179 617 3231 emm
641 3163 764 3240 tandem
775 3164 934 3248 platanus
955 3167 1026 3245 (vid.

131 3270 249 3341 scribit,
284 3268 433 3327 Martinus
455 3263 495 3322 de
537 3266 652 3348 Georg.
667 3265 706 3337 ll,
722 3269 775 3346 70)
796 3270 856 3325 ium
877 3267 1026 3331 vmbrosa.

129 3373 306 3431 ‘nutatione
339 3365 496 3426 arborum
536 3366 611 3429 haec
641 3368 721 3428 forto
751 3367 791 3427 od
817 3371 953 3448 priorem
981 3376 1030 3435 in·

129 3474 298 3540 luiturum,
330 3490 421 3555 quam
443 3468 495 3528 ille
536 3469 864 3550 terpretandimodum
879 3493 1027 3537 reuocare

130 3599 149 3639 n
174 3576 261 3638 senex
278 3574 358 3635 lelici
379 3585 494 3632 euentu
534 3569 635 3653 poffit.
695 3578 764 3649 147.
795 3571 842 3633 cf.
857 3573 896 3632 nd
911 3595 937 3634 v.
957 3579 1027 3640 116.

130 3696 150 3754 t,
166 3679 290 3757 accipin
313 3689 413 3733 motus
430 3676 495 3753 epi·
537 3674 659 3734 Colum.
673 3672 727 3733 lib.
741 3674 783 3744 X,
805 3674 901 3754 prael.
926 3691 958 3736 et
980 3692 1028 3758 pr.

132 3784 251 3843 diecto:
284 3776 386 3854 serae
412 3774 497 3842 vlmi,
526 3775 651 3857 spatiis
665 3776 798 3862 iniquis,
825 3775 920 3857 spatio
938 3783 1029 3840 nimio

130 3905 208 3946 eram
258 3879 317 3941 hoc
356 3875 417 3958 iple
461 3879 495 3941 in
537 3871 675 3958 angusto,
706 3881 786 3938 intra
805 3880 890 3961 quod
911 3881 1029 3942 cursum

130 4009 156 4052 ts
177 3986 248 4049 edd.
274 3982 364 4044 etad
386 3978 492 4039 eedem
536 3977 622 4039 suum
652 3992 757 4041 tenere
787 3986 914 4065 cogitur.
968 3983 1028 4046 Re.

131 4111 180 4153 eo.
223 4088 306 4170 Ergo
320 4083 425 4144 ulmos
441 4102 494 4162 ap·
537 4079 622 4162 spiiit
642 4080 745 4143 locum
766 4085 881 4145 Plinius
903 4074 1035 4167 quoquo¹

130 4194 219 4265 brat,
251 4207 319 4255 non
342 4201 406 4249 tom
427 4183 495 4250 lero
536 4182 589 4246 lib.
612 4184 688 4250 xlv
707 4207 755 4272 pr.
807 4188 876 4267 148.
904 4185 1035 4250 Seruiur'
