2700 4906
249 394 326 472 350
463 396 1069 500 1³.v1ac1t11rrta0r1s

248 581 380 663 Nudus
409 610 490 678 ara,
528 583 605 662 sere
631 583 771 658 nudus:
817 585 937 661 hiems
962 589 1099 686 ignaua
1126 581 1282 659 colono.

315 790 368 846 299
383 795 436 828 ara
456 791 483 830 et
493 774 561 848 sore
579 774 653 829 Laid.
666 794 705 847 pr.
742 775 847 827 colono
869 774 909 848 est
923 775 1048 829 Rottend.
1065 771 1168 827 alteret
1181 770 1281 827 Medic.

249 856 343 922 Pieri&
371 861 400 914 in
419 860 475 916 aliie
499 863 616 916 calonis.
651 861 741 914 Notur
761 858 885 944 essiocrrt
905 865 1048 933 nuntias:
1082 860 1204 913 hebebis
1219 860 1282 931 sti·

249 963 337 1018 gera,
346 945 460 1019 febrim
484 947 587 1002 Donati
599 946 662 1014 Vite
671 945 706 999 V.
721 944 740 998 1.
757 946 802 1003 61.
1111 958 1115 964 ’

249 1119 415 1189 conuenit,
454 1113 653 1187 Nudusara,
666 1114 747 1190 sere
786 1110 840 1173 fite
855 1109 913 1172 fint
927 1115 999 1192 287,
1015 1115 1045 1178 8.
1071 1111 1188 1191 gelida
1206 1134 1284 1173 noc·

250 1213 377 1297 nudas,
420 1237 489 1276 cum
508 1231 646 1288 mature,
675 1236 745 1275 aere
786 1230 836 1288 te,
862 1236 931 1275 cum
950 1212 1125 1290 dienouo,
1148 1230 1182 1276 et
1199 1218 1284 1276 nunc

250 1313 351 1377 adhuc
387 1333 533 1400 tepente,
576 1321 747 1377 arationem
787 1315 855 1376 diei
873 1317 965 1378 calor
985 1315 1005 1375 1.
1026 1313 1133 1378 aestus.
1177 1316 1284 1377 Enim·

251 1432 285 1479 et
309 1416 457 1482 sationem
486 1420 657 1481 faciendam
685 1415 745 1478 effe
787 1438 861 1478 vero
883 1415 924 1478 fic
957 1435 1134 1502 repugnant
1161 1416 1217 1479 fibi
1243 1418 1281 1479 vs.

252 1522 304 1582 alt.
361 1520 403 1582 Et
428 1520 468 1582 de
495 1520 591 1602 meffe
615 1535 745 1580 mature
786 1521 861 1601 589,
916 1518 969 1579 vbi
1007 1535 1103 1581 nocte
1142 1518 1285 1604 stipula

240 1621 408 1706 facienda
434 1638 564 1684 monent
591 1623 643 1685 alii
666 1643 745 1706 quo·
786 1639 819 1682 et
836 1622 939 1704 prata
962 1621 1133 1682 condenda
1154 1627 1213 1695 ait,
1251 1639 1282 1686 et

249 1746 329 1810 que:
365 1747 393 1786 v.
417 1726 537 1787 Colum.
557 1725 579 1786 l.
598 1727 619 1788 1.
668 1726 745 1786 Om·
785 1745 870 1786 nunc
887 1722 996 1784 medio
1016 1724 1118 1803 aestu,
1140 1726 1280 1799 meridie,

248 1816 327 1890 atino
343 1825 405 1900 hoc
418 1830 500 1890 idem
514 1831 665 1910 praecipit
681 1829 744 1888 He·
775 1822 999 1906 flaccidend‘as
1035 1829 1168 1908 fruges,
1236 1827 1282 1890 Ita

249 1927 325 1993 fiod.
345 1933 403 2012 571
428 1930 491 2014 sqq.
498 1973 509 2004 ,
551 1930 603 1990 vbi
625 1945 743 1991 tentum
786 1930 1009 1991 occurrendum
1043 1926 1117 1990 effer
1150 1928 1207 2006 fic,
1249 1947 1282 1991 vt

251 2031 344 2106 abest,
371 2048 404 2093 vt
426 2033 465 2094 da
487 2053 582 2113 opere
603 2053 661 2113 per
679 2053 745 2094 rne-
777 2029 920 2113 stipulas
949 2035 1075 2113 proprie
1109 2037 1280 2115 acciperes,

250 2135 336 2195 diuni
350 2134 433 2195 diem
448 2134 587 2217 tagendo
609 2149 688 2216 agat,
711 2149 744 2195 vt
786 2149 819 2194 et
848 2154 914 2194 rem
951 2152 969 2192 a
1001 2130 1093 2194 meffe
1131 2137 1281 2196 diuersam

250 2240 343 2296 etiam
374 2256 465 2297 mane
494 2236 678 2317 surgendum
712 2251 744 2296 et
785 2239 873 2313 innai
887 2236 1013 2309 diceres,
1039 2252 1070 2295 vt
1084 2235 1148 2318 sup.
1165 2236 1205 2298 ad
1221 2242 1281 2319 289

246 2338 430 2398 metendum
452 2332 511 2399 ess‘e
531 2353 666 2398 moneat.
704 2340 744 2398 Et
784 2341 939 2398 monitum
962 2335 1012 2396 est.
1081 2342 1153 2419 298.
1186 2341 1281 2400 Area

249 2438 381 2500 Theocr.
402 2441 449 2512 X,
476 2440 611 2516 48-51
656 2438 743 2500 simili
786 2442 865 2497 terit
877 2440 1016 2517 fruges:
1049 2444 1082 2498 in
1099 2461 1161 2521 qua
1177 2455 1280 2503 terun-

249 2542 345 2603 modo
366 2544 529 2623 praecipit,
558 2541 666 2602 medio
690 2564 743 2602 au·
785 2556 843 2601 tur.
872 2564 899 2603 v.
917 2541 979 2621 sup.
998 2542 1036 2600 ad
1053 2563 1081 2600 v.
1106 2563 1174 2622 19²·

251 2658 314 2707 tem
341 2642 397 2704 dio
425 2641 654 2726 quiescendum
681 2645 743 2726 effe
828 2663 898 2722 299.
935 2645 981 2702 Ex
1013 2641 1149 2704 Hesiodo
1182 2651 1278 2726 petita

249 2751 339 2823 dicit,
379 2736 536 2830 ἔρχεσθαι
559 2742 584 2808 δ’
607 2743 743 2824 οἷμῶντας
784 2743 844 2806 effe
860 2748 926 2805 satis
943 2742 1069 2817 constat,
1093 2738 1188 2829 Ἔργ.
1205 2748 1277 2828 391,

248 2849 425 2938 ἐγειρομένω
451 2841 640 2932 κορυδαλλῶ,
693 2847 744 2910 uui
783 2852 845 2928 392
874 2843 985 2926 γυμνὸν
1002 2845 1145 2932 σπείρειν,
1168 2845 1277 2927 pentir

249 2950 355 3041 λήγειν
371 2940 523 3022 εὕδοντος,
552 2948 687 3014 etruriam
710 2951 742 3013 δὲ
783 2950 815 3013 ii
836 2952 961 3031 βοωτεῖν
982 2966 1039 3009 etc.
1090 2952 1205 3011 Monet
1226 2973 1278 3011 au·

249 3050 366 3137 (κοιτοὶ)
387 3048 421 3118 ro*
442 3051 554 3131 καῧμα.
618 3053 742 3133 Spectat
783 3067 862 3124 tem,
902 3068 1039 3124 mature,
1084 3070 1177 3135 atque
1199 3055 1276 3114 adeo

248 3149 374 3244 qeoque
390 3154 466 3227 huc,
493 3153 578 3238 quod
595 3154 742 3236 colligen·
783 3171 960 3228 auctumno,
990 3159 1163 3215 arationem
1183 3173 1216 3217 et
1234 3158 1276 3216 sa·

248 3262 307 3323 dae
328 3259 397 3319 sunt
417 3258 518 3338 fruger
548 3254 602 3315 sub
625 3256 742 3316 dilucu·
782 3260 900 3316 tionem
926 3254 986 3317 effe
1013 3257 1204 3331 faciendam,
1238 3259 1274 3318 cf.

246 3364 328 3431 lum:
358 3359 438 3420 conf.
459 3358 604 3437 Geopon.
626 3357 665 3429 11,
690 3359 739 3420 25.
782 3357 846 3440 sup.
871 3361 932 3422 208
951 3359 993 3442 sq.
1029 3360 1075 3432 11,
1104 3361 1177 3423 315.
1201 3364 1273 3433 316,

246 3458 439 3540 Posteriusfi
455 3459 618 3542 praeferas,
635 3459 739 3521 medio
782 3483 852 3522 cum
864 3476 955 3544 tepor
967 3466 1044 3523 aeris
1057 3462 1125 3522 satis
1135 3484 1274 3546 magnus,

247 3567 314 3638 die,
355 3559 493 3643 respiciet
525 3562 739 3622 antecedentia
781 3580 814 3626 vt
839 3581 941 3626 arator
968 3561 1049 3625 veste
1077 3586 1144 3626 non
1175 3583 1272 3649 egeat.

243 3671 320 3749 ²89·
349 3683 420 3746 ²9⁰·
490 3664 548 3724 lnf.
583 3663 637 3736 IV,
674 3670 734 3741 401
779 3667 911 3727 Nudam
937 3666 995 3728 effe
1021 3684 1140 3728 tantum
1170 3675 1272 3729 tunica

245 3770 322 3851 Ipsa
344 3788 403 3846 ego
427 3783 477 3836 te,
511 3763 636 3825 medios
663 3787 736 3824 cum
778 3771 936 3846 indutum,
972 3787 1043 3854 toga
1067 3786 1119 3830 aut
1140 3772 1271 3851 paenula

235 3874 296 3953 sol
315 3867 503 3930 accenderit
518 3865 634 3944 aestus,
656 3870 736 3927 Cum
777 3878 899 3946 reiecta,
919 3872 987 3954 post
1001 3876 1115 3953 Cuperi
1125 3872 1269 3955 Obff.1,7

234 3975 356 4053 ficiunt
369 3969 491 4031 herbae
505 3985 560 4030 etc.
582 3986 613 4030 vt
627 3968 733 4031 medio
776 3975 842 4035 satis
858 3992 976 4037 notum.
1017 3978 1131 4034 Hiems
1143 3981 1269 4055 ignaua

242 4077 331 4157 aestu
360 4075 412 4154 fit,
452 4073 645 4148 mediodie,
686 4078 734 4136 in·
775 4076 890 4135 colono
907 4075 967 4139 effe
981 4079 1100 4151 dicitur,
1122 4100 1202 4161 quae
1218 4101 1270 4140 co·

243 4182 361 4258 terdiu;
382 4181 433 4239 Sic
446 4177 499 4238 inf.
514 4175 568 4249 111,
586 4180 644 4255 154
669 4199 733 4236 me·
773 4180 881 4239 Ionum
896 4182 1025 4242 otiosum
1038 4179 1097 4242 effe
1111 4182 1213 4252 iubet,
1235 4197 1267 4241 et

242 4282 308 4344 diis
318 4281 537 4362 feruoribus:
578 4295 612 4341 vt
633 4301 733 4363 oppo-
774 4280 812 4341 ab
840 4302 935 4364 opere
963 4284 1016 4345 sub
1045 4285 1097 4346 dio
1122 4284 1266 4345 faciendo
