2692 4914
132 338 480 457 uaoaemou
514 339 790 438 L1s.1v,149
811 337 929 443 4157
999 345 1075 422 sss

127 546 208 600 taeo
233 525 331 601 coeli
349 529 490 626 Regem
507 527 654 627 'pauere
674 523 739 599 sub
767 546 900 601 antro.-

127 686 156 734 ιε
177 665 385 735 communis
414 679 565 760 gnatos,
607 657 789 734 consortia
815 678 914 736 tecta

127 801 154 871 is
193 793 352 885 habent,
398 799 617 895 magnisque
648 798 788 894 agitant
828 793 891 869 sub
932 781 1075 897 legibus

662 943 798 991 aeuum
805 946 816 1007 ;

127 1055 274 1152 patriam
296 1047 395 1123 solae
416 1065 454 1123 et
478 1069 600 1125 certos
621 1076 765 1125 nouere
783 1055 949 1142 Penatis;
1007 1050 1075 1128 155

129 1206 309 1286 tutaeque
328 1183 460 1258 hiemis
483 1209 669 1259 memores
691 1182 832 1259 'aestate
856 1185 1028 1260 laborem

128 1325 312 1409 eriuntur,
348 1335 386 1391 et
419 1321 459 1389 in
480 1317 647 1391 medium
671 1317 833 1422 quaesita
854 1338 1053 1419 reponunt.

131 1489 164 1554 54
184 1505 237 1555 que
255 1481 325 1537 abest
344 1498 458 1554 squart.
475 1483 572 1537 Moret.
594 1503 646 1537 vno
667 1484 757 1538 Mead.
776 1500 803 1539 et
821 1501 882 1540 vett.
903 1485 979 1548 edd..
1007 1486 1075 1542 forts

128 1590 148 1629 s.
184 1589 282 1623 aeuom
303 1569 450 1622 Gudianus.
473 1569 476 1574 ⁴
540 1571 588 1624 155
602 1574 631 1622 A
649 1579 773 1641 patriam
790 1589 838 1640 pro
857 1571 907 1624 Aa
928 1571 1007 1625 codd.
1031 1571 1078 1626 ali-

131 1657 201 1728 spud
224 1655 346 1708 Pieriam.
383 1667 482 1705 etanta
498 1668 588 1707 certos
606 1654 677 1710 abest
686 1654 854 1727 langobard.
925 1658 974 1713 156
992 1659 1074 1712 taho·

128 1739 226 1794 rundel.
241 1739 294 1791 Eri.
366 1740 413 1808 157
431 1753 577 1809 reportant
588 1738 661 1793 voff.

141 1883 206 1940 eius
227 1878 321 1962 quod.
373 1877 418 1937 Ita
446 1879 539 1960 vulgo
580 1877 749 1939 Euemetus
764 1881 798 1938 in
809 1876 914 1954 sacra
928 1874 1076 1954 hasteria,

128 2003 168 2054 ur,
186 2001 342 2062 proquo,
363 1978 458 2039 vtfit:
480 2000 539 2060 pro
581 1975 744 2063 ἀναγραφὴ
772 1973 854 2063 lapsi,
905 1978 944 2039 ab
971 1980 1076 2042 Ennio

128 2085 203 2167 uod.
255 2083 442 2142 Euemerum
463 2103 540 2162 poe·
580 2082 676 2142 latine
691 2080 853 2154 conuersa,
880 2083 914 2141 in
929 2102 989 2164 que
1004 2103 1076 2143 cum

130 2201 202 2246 ante
223 2186 329 2245 oculos
351 2183 382 2247 h.
402 2183 424 2242 l.
470 2183 540 2242 Vir·
582 2184 712 2244 aliorum
734 2183 881 2257 deorum,
907 2199 970 2242 tum
986 2187 1076 2246 Iouis

142 2285 228 2348 luiffe
251 2286 389 2347 discimus
419 2305 456 2344 ex
478 2284 540 2345 Co·
581 2287 734 2352 Dictaei,
761 2298 918 2367 tamquam
938 2288 1076 2350 mortalis

142 2388 204 2463 lx,
232 2411 268 2464 2,
291 2392 312 2453 5
334 2421 378 2436 -
400 2407 462 2453 aa,
502 2399 540 2444 vt
581 2385 726 2459 hominis,
746 2387 873 2457 natales,
892 2391 1076 2469 patriamne
1116 2374 1119 2379 ⁸

128 2511 227 2550 uerus
238 2506 340 2570 poeta
354 2489 447 2557 dicit,
468 2507 540 2546 cra-
581 2488 763 2571 sepulcrum,
787 2487 987 2571 persequutus
1008 2491 1076 2552 lue·

128 2593 206 2654 >ibus
237 2607 271 2652 et
295 2590 373 2669 sole
409 2593 541 2670 genitas
581 2605 636 2653 rat.
651 2590 1074 2656 v.Minuc.FelixOcteu.21.

127 2714 244 2778 ,quas
261 2694 423 2776 nymphae
439 2693 555 2773 Phry-1
582 2693 720 2751 Lactant.
763 2689 835 2751 lust.
883 2692 945 2755 diu.
970 2694 996 2767 1,
1026 2717 1075 2758 11.

128 2796 186 2857 des
200 2795 437 2865 educauerunt,
450 2815 540 2862 mox,
582 2795 656 2854 Non
677 2812 751 2876 ergo
773 2792 931 2854 admittam
952 2801 1075 2858 coniec-

128 2920 188 2958 aeo
200 2899 325 2979 specu,
351 2901 441 2957 Iouis
459 2899 541 2957 exti-
582 2910 683 2955 turam
720 2899 855 2956 virorum
900 2897 1074 2976 doctorum,
1125 2941 1130 2947 ι

143 3003 314 3068 nutrices„
344 3021 464 3081 easque
478 3020 540 3080 pa-
582 2997 767 3065 Eumelum,
784 2997 902 3081 dequo
919 3020 948 3064 v.
963 3002 1019 3062 inf.
1035 3004 1075 3065 ad

150 3123 285 3162 munere
312 3100 368 3161 dei
385 3102 540 3179 sortitas,
582 3099 622 3160 vs.
641 3101 715 3162 316.
749 3096 808 3160 elle
842 3100 1010 3182 legendum
1040 3108 1075 3169 in

128 3225 165 3263 us
187 3205 276 3287 ipsae
294 3223 440 3287 paruum
462 3201 541 3262 edu·
583 3201 773 3263 columellae
801 3201 910 3268 verbis.
961 3207 1072 3283 Locus,

129 3320 207 3364 rant
221 3307 391 3365 alumnum
416 3306 473 3383 (Ita
488 3325 540 3364 ve·
583 3309 637 3387 qui
661 3303 812 3385 sequitur,
855 3300 899 3362 est
921 3326 959 3366 ex
986 3329 1076 3388 prae-

129 3459 130 3465 ,
156 3408 232 3468 Ioue
262 3410 324 3468 mel
345 3421 539 3488 acceperunt,
581 3402 771 3477 llantiffimis,
799 3421 927 3486 propter
947 3408 1077 3493 dignite-

154 3509 262 3570 Iouem
305 3531 436 3590 puerum
479 3509 540 3568 ale·
582 3522 645 3566 tem
676 3511 819 3567 tenuitati
852 3529 955 3569 rerum
989 3513 1077 3574 addi·

129 3612 167 3689 l).
212 3610 398 3689 (stamina,
427 3632 541 3693 quam·
582 3624 661 3681 tam,
690 3629 727 3668 ex
743 3611 892 3671 translatis
913 3611 951 3671 ab
968 3611 1076 3678 huma-

129 3733 181 3770 ton
195 3711 377 3772 dedeceant
392 3728 541 3795 poetam,
581 3731 624 3773 no
648 3731 771 3792 genere.
839 3715 906 3775 155.
927 3719 1077 3792 patriam

129 3817 231 3872 rtatim
258 3830 370 3874 tamen
404 3829 438 3874 et
472 3836 539 3873 vno
581 3810 669 3871 fimili
691 3813 786 3875 modo
809 3813 884 3875 dixit
911 3815 1075 3886 Columell.

129 3914 275 3976 ammodo
304 3915 461 3991 verswztlo
495 3917 540 3975 le-
581 3914 637 3983 lx,
659 3935 706 3986 η,
729 3916 922 3995 1.1X,9,1.
964 3919 1074 3982 Adlo-

129 4020 259 4095 ¹ateigit
275 4019 448 4097 Virgilius,
465 4039 539 4077 cum
582 4037 651 4075 cum
674 4017 747 4076 facit
767 4015 905 4078 Ambros.
927 4019 1075 4084 Hexaem.

129 4123 175 4180 ie:
204 4121 395 4181 Dictaeo—
415 4122 468 4182 sub
485 4142 539 4182 an·
581 4118 621 4193 V,
638 4139 686 4177 αι.
748 4122 817 4198 157.
840 4119 1076 4206 Georg.1,127

142 4221 330 4298 Tradidesat
354 4238 459 4286 sutem
487 4223 540 4285 illa
581 4224 623 4284 ln
664 4219 810 4281 medium
860 4226 1075 4305 quaerebant,
