2692 4914
173 302 243 378 114
332 260 973 372 'tautaffltnnaaottts

75 486 78 492 ’
170 478 277 554 Talia
303 476 439 570 saecla,
478 477 761 571 insanarum,
798 446 968 573 currite}
987 477 1074 556 susse

170 682 249 737 quem
266 662 410 735 diaputauit
428 665 570 718 Burmann.
591 661 626 717 ad
645 663 672 716 h.
694 661 713 716 1.
736 679 762 718 et
780 662 814 716 ad
831 663 912 718 Ouid.
933 665 970 718 111
987 667 1042 719 Art.
1058 668 1092 720 25
1119 681 1146 718 et
1167 662 1203 722 ad

169 747 295 821 Calpurn.
317 747 372 802 net.
389 751 424 812 11,
438 752 480 821 37.
530 749 636 804 Scilicet
652 747 702 802 suit
724 750 747 801 ia
767 749 897 802 Bentleiua
930 750 974 813 (in
1000 752 1201 822 Bibliotleque

167 835 308 906 Angloisa
324 834 393 898 'nt
411 854 438 908 p.
465 835 539 899 186).
580 831 702 886 Haeserat
728 850 815 887 autem
838 834 883 888 illa
904 835 932 887 in
954 854 1016 888 voce
1033 838 1200 905 pascentes.-

167 918 286 975 fienim.
300 919 375 974 intua·¹
390 918 545 992 pascendum
566 934 695 973 mutatum
717 917 754 973 est
775 919 870 971 velina:
913 919 1001 990 pabuli
1026 940 1057 972 aa
1086 925 1122 972 vis
1148 919 1200 974 elsa

164 1003 274 1074 debuit,
306 1019 332 1059 vt
359 1003 432 1057 sucua
463 1003 596 1058 accederet
617 1003 700 1057 lanae.
751 1004 891 1057 Enimuero
913 1003 1031 1057 fraudem
1056 1004 1119 1057 secit
1141 1024 1197 1058 nan

170 1087 350 1141 animaduersa
368 1089 487 1161 poeticae
506 1088 632 1142 orationis
650 1084 767 1141 indolet:
803 1089 964 1159 pascentes,
988 1088 1137 1159 epitheton,
1155 1103 1198 1141 or-

165 1189 213 1227 nat
234 1188 337 1228 tantum
358 1192 454 1245 agnou
492 1173 559 1227 nihil
580 1173 700 1246 ampliua.
746 1173 820 1227 ldetn
842 1173 894 1226 hoc
913 1193 968 1225 non
988 1172 1196 1227 animaduersum

165 1257 309 1312 adduxerat
328 1273 437 1323 ναίοισι,
456 1274 482 1313 et
502 1257 584 1330 ipsum
599 1257 713 1312 Plinium
735 1264 773 1322 (v.
787 1259 814 1309 in
829 1255 925 1320 Non),
948 1272 973 1309 vt
987 1256 1126 1328 Virgilium
1142 1277 1195 1310 cte·

163 1341 257 1396 darant
274 1342 435 1417 sandycem
462 1342 630 1416 existimaffe
651 1342 765 1394 herbam
784 1342 846 1415 effe.
888 1345 919 1396 ln
938 1361 991 1413 quo
1012 1342 1134 1393 iniuriam
1155 1342 1195 1394 sa.

162 1426 237 1483 cium
255 1442 356 1500 poetae.
404 1428 485 1498 Quod
510 1428 531 1482 fi
557 1427 598 1481 vel
624 1426 736 1479 maxime
762 1424 790 1480 id
816 1426 841 1480 se
861 1426 898 1480 ita
915 1426 1039 1485 haberet,
1078 1426 1194 1479 ieiunum

162 1507 239 1565 effeta
268 1529 375 1584 tepente
395 1513 464 1567 inter
484 1512 640 1586 pascendum
659 1510 768 1582 sandyce
791 1509 892 1582 gustato
908 1511 1006 1565 ‘mutari
1025 1510 1115 1564 vellus.
1151 1512 1194 1564 In-

160 1608 232 1650 tetea
251 1613 341 1651 tamen
365 1597 514 1661 satendum,
550 1598 697 1668 nascentes
723 1591 815 1649 malint
835 1595 957 1668 scriptum
975 1594 1049 1650 suisse
1071 1615 1087 1647 a
1104 1613 1191 1668 poeta.

85 1730 88 1736 .
164 1683 201 1752 46
213 1701 325 1738 curtare
336 1682 453 1738 Parthas.
468 1699 494 1739 et
506 1685 582 1738 Pierii
589 1682 733 1738 Medicaua.
769 1682 807 1733 Ιο.
819 1682 954 1735 Schrader.
968 1682 1037 1735 coni.
1054 1681 1159 1734 ducite.

159 1837 188 1879 v.
211 1822 252 1898 45
275 1817 439 1903 aVirgiIIo
461 1841 520 1902 pro
540 1819 652 1881 herbae
694 1813 848 1897 pecudum
871 1815 953 1876 inlici
972 1815 1070 1876 solere
1090 1815 1193 1877 obser—

159 1939 275 1999 genere
304 1917 438 1982 habitam
465 1919 542 1996 effe,
585 1918 655 2004 post
694 1933 797 1978 vatum
825 1914 876 1978 est„
949 1918 1057 1978 Paullo
1087 1935 1192 1981 tamen

108 2095 111 2103 Ι
156 2019 291 2079 Plinium
306 2020 475 2097 xxxv,6
500 2025 568 2102 (23)
590 2045 654 2084 cre·
695 2017 830 2080 subtiliua
846 2017 921 2079 haec
935 2024 977 2078 ita
994 2035 1120 2099 accepta
1135 2041 1191 2101 pu·

158 2120 237 2180 dunt
255 2118 458 2202 Interpretea;
485 2125 653 2186 denatura
695 2136 767 2181 tem.
817 2119 1009 2182 Constantini
1034 2122 1190 2201 Intetprea

157 2234 265 2282 tamen
306 2219 416 2281 colona
460 2225 537 2285 nihil
578 2227 653 2286 dixit
693 2222 713 2281 l.
733 2223 753 2281 l.
771 2244 797 2281 c.
817 2245 856 2285 20
880 2242 1086 2305 purpuream
1109 2223 1190 2281 San·

155 2322 652 2408 poeta30010datantumgenus
693 2323 807 2401 dycem
848 2325 1005 2407 appellat:
1058 2317 1188 2387 xivam

153 2424 292 2484 indicare
316 2423 429 2496 voluit,
466 2446 528 2507 quo
556 2430 651 2490 vellus
693 2428 853 2512 πορφυρέῳ
876 2420 995 2508 λάχνην
1019 2417 1189 2510 ῥυπὸεσσαν

157 2524 285 2586 ouillum
296 2522 470 2605 splendeat:
483 2541 515 2586 vt
517 2526 651 2606 sandyx
692 2524 836 2608 ἀμείβων.
876 2525 928 2590 Est
949 2523 1088 2587 autenti
1113 2539 1144 2584 et
1168 2523 1187 2609 ti

153 2621 191 2687 stt
201 2624 294 2690 color
314 2625 466 2710 sandycis,
495 2642 526 2688 et
543 2644 651 2690 ornate
692 2630 823 2713 Sandyx.

155 2725 250 2799 dixit,
277 2729 363 2809 quod
383 2743 466 2799 erat;
493 2728 652 2790 habebunt
734 2732 785 2806 46.
815 2740 866 2812 47.
898 2732 1051 2790 DIxerunt
1070 2730 1186 2791 Parcae

155 2832 229 2912 agni
250 2829 345 2890 tellus
372 2830 508 2891 nubtum·
526 2835 652 2892 nemine
692 2827 750 2888 suis
777 2832 862 2895 sniis:
906 2833 1040 2893 Otalia
1054 2832 1183 2910 saecla,

153 2935 306 3014 tingente.
364 2929 415 2992 Eli
440 2953 514 2995 veto
541 2934 651 2995 coloris
693 2934 831 2991 currite!
856 2955 913 3014 pro
932 2934 1066 3016 vulgari:
1088 2956 1109 2995 ο
1123 2934 1182 2994 iila.

153 3031 206 3096 seu
226 3037 379 3116 pigmenti
400 3055 497 3117 genua
524 3056 561 3096 ex
587 3057 652 3097 tne-
692 3032 753 3092 Pro
788 3031 841 3093 filo
876 3055 912 3094 ex
949 3036 1018 3095 colo
1048 3036 1183 3096 deducto

152 3135 248 3206 tnllot
272 3136 428 3196 interdum
451 3140 543 3197 etiam
564 3138 651 3198 sacti-
691 3133 753 3193 fata
771 3132 857 3207 sunt,
885 3135 937 3195 seu
952 3135 1065 3201 saecla:
1105 3136 1182 3198 haec

153 3240 248 3310 tium,
269 3257 306 3297 ax
321 3236 503 3299 sandaracha
523 3236 598 3299 tosta
617 3255 650 3300 et
690 3240 758 3296 neri
773 3236 933 3313 dicuntum
968 3251 1000 3296 vt
1021 3223 1104 3318 apud
1117 3240 1182 3298 Ho-

152 3337 274 3402 rubrica
286 3358 387 3421 aequa
399 3355 488 3420 parta
499 3341 648 3403 admixta:
688 3359 808 3398 merum
855 3343 945 3399 toties
995 3334 1182 3404 intuiti-itm

150 3453 185 3500 vt
198 3438 272 3501 ibid.
289 3440 380 3515 Ptin,
395 3461 459 3523 quo
471 3440 583 3504 raban
596 3464 648 3505 co·
688 3440 751 3500 fata
771 3440 862 3500 alicui
881 3438 1047 3515 destinare,
1073 3440 1181 3501 nendo

150 3541 200 3605 iot
218 3537 359 3603 efficitur.
402 3538 466 3603 Ntfi
489 3564 557 3603 cunt
576 3548 647 3605 viria
686 3542 746 3603 scil.
777 3538 867 3607 Ἀλλ’
901 3533 934 3605 o'v‘
966 3566 1016 3620 μοι
1051 3542 1180 3606 τοιοῦτον

151 3644 267 3718 doctis,
288 3641 382 3705 inhia
396 3663 466 3705 tant
479 3645 646 3707 Becltman·
686 3644 865 3709 ἐπέκλωσαν
883 3642 953 3706 θεοὶ
970 3634 1074 3724 ’σ’λβον.
1116 3646 1180 3704 Ha·

148 3765 212 3810 tto.
257 3745 417 3830 sandycem
454 3768 512 3830 pro
548 3747 645 3811 hetha
685 3746 894 3818 haitanam,
921 3746 1007 3827 quod
1026 3750 1088 3804 iam
1111 3748 1179 3807 Ma·

149 3851 304 3916 ductoria,
321 3849 515 3922 ibnembia,
530 3849 643 3913 habeta
685 3850 768 3912 arob.
801 3850 864 3921 VI,
901 3868 914 3907 1
948 3847 1043 3922 vidit,
1085 3851 1177 3910 Maro

148 3953 239 4013 nialla
246 3992 257 4022 ‚
291 3951 547 4035 quandoquidem
573 3974 643 4013 cum
684 3968 756 4013 ante
798 3952 902 4013 oculos
945 3950 1055 4010 Catuil.
1100 3953 1175 4025 Lx,

146 4052 242 4117 altana
257 4049 362 4127 hatita,
380 4054 481 4123 lutea,
496 4059 640 4138 iungitur.
682 4057 746 4119 520
770 4054 854 4138 sqq„
894 4052 946 4113 vbi
974 4050 1018 4114 esi
1045 4053 1174 4113 Currite

146 4154 297 4218 linierunt
316 4175 442 4240 quaqua
456 4158 642 4240 aopty'aen·
672 4153 753 4238 sust.
798 4154 865 4217 Sed
882 4176 952 4230 vos,
986 4175 1072 4239 quaa
1088 4156 1173 4235 fata

144 4271 211 4328 tea,
240 4258 313 4340 qnia
335 4253 457 4341 depasta
475 4257 563 4322 nubta
577 4257 640 4324 ossa
670 4259 869 4344 fiqattntur,
903 4259 1033 4323 Currite
1050 4256 1170 4320 ducen-
