2692 4914
151 320 155 329 ‘
197 325 265 405 158
378 319 714 419 ‘eunoun
744 321 1006 397 uanotus

195 511 327 587 Infelix
350 507 413 582 lua
444 527 543 584 tecta
566 507 884 608 luperuolitauerit
909 506 1000 580 alis?

145 651 148 671 ⁸
260 638 413 724 Omnia,
449 654 564 732 quae,
596 631 752 707 Phoebo
786 630 977 736 quondam
1008 626 1227 717 meditante,

446 757 449 761 ’
812 746 944 823 beatus
1072 745 1074 750 ’

196 875 324 949 audfit
344 870 522 965 Eurotas,'
550 865 721 971 iussitque
742 870 906 948 ediscere
926 872 1061 960 lauros,

263 1037 295 1089 81
304 1034 398 1104 supra
414 1035 582 1088 volitauerlt
601 1034 661 1087 ales
683 1033 762 1087 Rom.
799 1035 858 1087 ales
877 1033 956 1086 etiem
976 1030 1074 1086 Medic.
1090 1045 1155 1081 em.
1175 1027 1227 1081 lea

197 1119 265 1173 etri·
280 1122 313 1174 50
328 1119 361 1171 de
374 1118 452 1172 altere
467 1117 568 1188 Scylla:
586 1133 618 1171 vt
636 1126 714 1171 tenu!
727 1119 918 1190 conscendens
930 1115 1140 1186 sideropelum
1157 1115 1228 1165 Cae·

197 1207 283 1258 tulela
305 1204 366 1273 sua
396 1219 472 1256 tecta
494 1202 752 1274 superuolltauerlt
778 1210 841 1261 alit.
920 1205 953 1257 82
976 1202 1100 1273 quodam
1125 1198 1226 1252 Medic.

197 1308 270 1360 quac
304 1287 449 1353 quondam
477 1287 592 1340 Phoebo
621 1307 655 1339 m.
676 1288 760 1341 Goth.
782 1288 831 1342 lec.
915 1289 949 1342 83
966 1285 1084 1357 cdlffire
1107 1278 1223 1335 Parthas.

197 1372 307 1437 edicere
321 1373 419 1426 Pieriut
430 1371 548 1433 exhibet,
575 1386 601 1424 et
615 1370 705 1426 laudat
718 1392 749 1428 ex
762 1390 813 1428 vet.
834 1392 934 1428 ramos.
976 1376 1073 1425 laurus
1087 1368 1181 1423 Medic.
1196 1381 1223 1421 et

196 1494 341 1571 membris
359 1513 472 1589 paratis
503 1504 629 1588 (dapes
648 1491 698 1553 -ἷ
733 1527 831 1566 rome
850 1505 986 1587 oeniffet
999 1504 1094 1586 filius
1111 1503 1223 1574 armis,

197 1611 324 1690 dona),
349 1611 489 1672 iliacum
510 1608 613 1670 sorore
633 1603 691 1667 lla-
731 1609 828 1669 Nunc
837 1591 1128 1692 qtialesDionzedis
1137 1605 1227 1686 equi,

196 1718 254 1776 tim
266 1711 414 1796 profugit,
429 1711 608 1795 insequente
622 1729 692 1769 cum
732 1731 820 1770 num
834 1708 1140 1794 quantusAclcilles,
1148 1725 1224 1787 prot

197 1817 291 1892 terro,
317 1815 438 1883 Tere03
491 1811 563 1873 hinc
596 1812 689 1872 illud:
719 1811 828 1871 -multa
862 1832 975 1892 rogans
1005 1809 1096 1890 super
1125 1809 1227 1868 Mem·

198 1938 264 2001 quo
278 1915 372 1994 cursu
386 1914 515 1993 deserta
523 1915 690 1995 petiuerit.
731 1933 833 1986 none,
866 1913 1020 1972 Diomede
1043 1927 1075 1972 et
1097 1908 1227 1970 Achille.

196 2019 282 2091 Mox,
298 2019 400 2078 Tereo
414 2013 555 2088 instante,
572 2016 690 2076 sorores
730 2015 813 2074 Tum
842 2027 930 2075 tecta
956 2029 1036 2073 ante
1057 2013 1128 2093 sua
1155 2014 1226 2069 iun·

195 2122 230 2178 in
252 2138 323 2177 aues
344 2132 514 2186 mutantur;
540 2132 603 2176 tum
619 2115 691 2175 Phi·
731 2115 834 2198 ganda
855 2114 940 2190 lunt,
976 2115 1142 2198 quodiam
1173 2112 1226 2170 alii

194 2219 309 2290 lomela
338 2217 471 2278 hirundo
498 2218 575 2277 sacta
602 2222 690 2300 inge·
731 2237 897 2289 monuere,
921 2234 954 2277 vt
965 2222 998 2277 in
1012 2217 1120 2275 Ouidii
1135 2214 1225 2273 loco:

195 2318 283 2381 niolo
320 2317 386 2377 lusu
418 2332 560 2378 narratur
598 2320 690 2380 aedes
732 2317 963 2401 quondamque
975 2319 1049 2396 suis
1069 2321 1106 2375 in
1122 2317 1224 2394 agris,

194 2420 259 2481 luas
274 2420 501 2493 circinnuoltue,
531 2418 615 2502 quali
628 2425 690 2502 prl-
731 2418 786 2480 etsi
802 2441 911 2500 pamm
925 2419 1056 2479 suauiter
1071 2420 1226 2478 adiectum

195 2517 548 2582 [linaesediadeliderioz
564 2522 689 2581 Stat.lll
731 2521 838 2582 sentio.
876 2523 1019 2583 Attamen
1035 2523 1175 2593 alterum,
1192 2534 1227 2578 vt

80 2622 84 2628 ⁴
195 2623 269 2681 suu.
287 2626 324 2696 5,
349 2624 390 2702 98
418 2623 494 2683 Non
503 2621 556 2698 fic
578 2622 689 2682 Philo·
728 2626 1027 2708 autefitantequam
1039 2623 1155 2682 deserta
1170 2642 1226 2701 pe·

194 2725 282 2783 mela
309 2738 447 2803 penates
467 2724 591 2783 Circuit
618 2744 688 2783 ant·
730 2741 828 2801 teret,
857 2747 923 2788 non
942 2732 1042 2786 minus
1061 2720 1226 2785 molestum

190 2827 340 2909 plectens
390 2824 601 2910 animamque
651 2830 688 2887 iu
730 2825 781 2890 est.
839 2830 962 2903 Cursus,
999 2849 1064 2910 quo
1093 2826 1226 2913 deserta

189 2931 335 3010 pignora
362 2927 545 3006 tramferc,·
592 2930 688 2989 etde
727 2932 866 3010 petiuit,
906 2931 1003 2989 videri
1037 2927 1128 3010 ponit
1164 2926 1225 2988 elle

195 3031 293 3091 altera
306 3030 405 3114 Scylla
419 3033 452 3090 in
468 3050 558 3090 auem
572 3047 689 3091 mutata
729 3030 907 3104 bacchatio,
935 3053 996 3115 qua
1017 3032 1086 3104 illa,
1121 3033 1225 3090 mariti

165 3157 167 3162 ⁴
193 3131 272 3192 Ciris
294 3136 333 3195 51
366 3145 404 3189 vt
423 3134 516 3189 tenui
536 3133 688 3210 conscen-
728 3132 840 3195 scelere
857 3151 1027 3214 comperto,
1058 3133 1098 3192 ad
1118 3134 1225 3193 locum

186 3230 514 3315 ·densfiderapenna
523 3234 688 3294 Caeruleis
728 3234 881 3316 prosiluit,
907 3256 970 3319 quo
995 3235 1081 3296 soror
1106 3234 1226 3296 occlusa

137 3387 140 3390 Α
181 3332 252 3411 sua
278 3348 366 3392 tecta
389 3334 688 3412 staperuolitauerit
727 3338 859 3398 latebatt
894 3337 995 3396 Ouid.
1032 3338 1054 3397 l.
1091 3357 1117 3397 c.
1150 3342 1224 3416 590·

190 3433 264 3492 alis.
291 3435 435 3495 Similiter
453 3435 494 3495 de
510 3432 631 3496 Callisto
652 3441 687 3499 in
727 3443 792 3520 594
804 3440 845 3523 sq.
869 3440 917 3500 Ne
932 3456 1035 3498 tamen
1049 3435 1223 3512 fiestatuas,

189 3533 287 3598 ¹vrltun
306 3550 423 3595 mutata
439 3537 531 3595 Ouid.
554 3537 584 3596 11
607 3539 684 3599 Met.
725 3558 821 3622 poeta
842 3542 905 3622 ipse
934 3542 1113 3611 intercedit3
1149 3561 1225 3600 nam

189 3641 253 3714 490
276 3633 335 3693 At
357 3639 500 3717 quoties,
522 3638 601 3714 sola
616 3661 684 3699 uon
721 3642 794 3724 posi
821 3659 939 3724 paratas
966 3649 1028 3703 iam
1053 3644 1161 3724 epulae
1192 3658 1224 3702 et

137 3748 140 3753 ’
188 3735 272 3812 attsa
290 3737 454 3817 quiescere
465 3737 685 3812 silum-Ante
725 3744 897 3826 appositum
913 3746 1019 3819 filium,
1041 3745 1174 3822 cursum
1187 3748 1224 3804 iu

143 3834 322 3897 domum
350 3839 581 3922 quondamque
608 3846 685 3921 fitis
721 3846 854 3924 ⁸defferta
894 3863 1131 3922 commemorat,
1191 3863 1223 3908 et

146 3960 149 3970 ¹
187 3941 314 3997 enotuit
328 3941 364 3996 iu
378 3943 477 4015 agris.
503 3943 575 4025 Quo
588 3945 681 4022 cursu
725 3962 799 4009 tunc
826 3949 957 4010 demum¹
983 3949 1157 4011 Philomela
1189 3953 1224 4010 in

187 4056 220 4102 et
236 4039 354 4124 quibus
373 4042 437 4100 alis
456 4043 545 4105 dicta*
557 4046 683 4128 elegan-
710 4071 812 4112 rauem
827 4069 971 4113 mutatur.

186 4159 235 4203 ter
248 4165 306 4224 pro
323 4145 499 4229 quomod03
531 4149 582 4207 Sic
601 4151 679 4211 Aen.
764 4154 815 4218 83.
852 4157 976 4216 Ameuit
998 4152 1223 4240 Hyacinthum,

188 4244 307 4324 1,750
350 4247 445 4312 Nunc
464 4249 582 4333 quibus
607 4251 680 4312 Au·
720 4255 835 4319 Oebali
864 4259 975 4334 filium,
1017 4260 1221 4340 Spartanum,
