2692 4914
221 302 516 382 BVCOLICA
539 306 657 380 ECL.
678 304 748 394 IX,
768 300 926 376 10-25
1018 306 1095 380 uer

49 496 157 590 Quis
179 509 335 569 caneret
346 489 556 593 Nymphas?
599 498 681 594 quis
701 490 858 562 humum
876 488 1094 566 florentibus
1123 495 1145 531 ‘⁵

685 622 810 696 herbis

49 757 288 861 spargeret?
315 777 381 832 aut
395 758 504 832 viridi
519 757 633 832 fontis
649 759 844 834 induceret
856 756 1008 831 umbra?
1045 768 1094 832 2ο
1118 790 1121 797 ·
1195 826 1198 830 ⁴

51 896 131 972 Vel
157 919 256 995 quae
282 892 420 992 sublegi
439 898 569 967 tacitus
592 891 659 966 tibi
679 897 843 968 carmina
869 918 999 990 nuper,

54 1033 195 1125 Quum
208 1047 247 1101 te
256 1028 310 1101 ud
324 1029 475 1102 delicias
496 1026 629 1118 ferres,
658 1026 900 1120 Amaryllida,
930 1024 1098 1109 nostras?

54 1164 205 1255 Tityre,
233 1160 322 1234 dum
338 1162 467 1253 reden,
492 1161 616 1236 breuis
627 1159 690 1273 'est
704 1165 778 1252 via,
800 1159 905 1261 pasce
920 1160 1095 1260 capellam

55 1300 106 1368 Et
124 1312 264 1394 potum
284 1293 403 1414 pestes
424 1322 508 1395 age,
545 1299 691 1389 Tityre3
733 1313 771 1370 et
793 1301 890 1368 inter
912 1295 1096 1392 agendum

58 1427 270 1503 Occursare
289 1454 422 1528 capre,
462 1455 582 1505 cornu
603 1430 688 1504 ferit
711 1429 791 1522 ille,
825 1448 972 1503 caueto.
1047 1427 1095 1503 25

133 1660 168 1713 ¹9
189 1646 257 1715 Quis
283 1661 398 1699 caneret
422 1645 516 1716 filum
536 1646 636 1717 Fragm.
655 1645 769 1706 Mureti,
790 1659 817 1698 at
843 1643 898 1696 Ecl.
918 1644 952 1706 V,
973 1663 1008 1698 2ο
1039 1649 1097 1699 Ee·

62 1737 185 1780 tinctum
205 1729 354 1802 dymplme
372 1747 421 1784 etc.
470 1732 546 1785 ordis
570 1749 585 1783 a
605 1750 640 1782 m.
663 1750 700 1801 pr.
724 1731 751 1784 iu
770 1729 867 1783 Medic.
942 1747 976 1783 20
993 1746 1099 1784 montes

63 1814 125 1865 ind.
150 1814 248 1867 Mureti
263 1817 380 1887 Fregm„
403 1817 481 1870 etiam
503 1815 579 1868 male.
600 1815 650 1868 uid.
666 1816 701 1869 ib.
717 1834 740 1867 v.
753 1824 796 1882 4ο.
815 1813 883 1867 conf.
899 1813 934 1867 ib.
948 1815 1011 1868 var.
1025 1819 1098 1870 Lecta

63 1917 94 1950 21
115 1899 194 1949 Nam
222 1919 295 1969 quae
321 1901 429 1954 Nouius
453 1903 482 1955 iu
503 1905 604 1973 legere.
687 1903 721 1955 25
742 1919 826 1971 capre
846 1901 944 1952 Medic.
962 1919 979 1976 2
1000 1921 1035 1955 m.
1057 1922 1097 1974 pr.

65 2001 155 2034 romu
168 1993 240 2053 pecte
253 1986 380 2039 Rottend.
396 1987 443 2039 sec.
460 2004 485 2041 et
498 1986 569 2039 Gud.
585 2005 632 2058 pro
645 2003 697 2037 var.
714 1986 790 2047 lect..
808 1984 936 2055 frequenti
949 1988 1097 2042 variatione.

64 2067 114 2120 rid.
131 2070 223 2121 Burm.
238 2070 266 2123 h.
280 2071 298 2123 l.
320 2072 396 2124 etad
411 2072 466 2126 Ecl.
483 2074 527 2134 111,
543 2075 585 2143 87.
619 2071 700 2142 seret
718 2071 816 2125 Medic.
834 2090 896 2124 am.
910 2091 949 2145 pr.

66 2265 184 2331 crepta.
237 2273 288 2313 20.
315 2253 494 2335 spargeret
522 2285 565 2304 -
606 2254 682 2321 dici,
720 2253 847 2337 quando
875 2252 914 2313 ad
940 2256 1101 2342 Amarylli-

66 2352 250 2425 ieduceret,
266 2354 346 2414 dicta
358 2360 483 2435 poetico
494 2377 565 2416 ucu-
607 2357 678 2416 dem
705 2372 736 2418 te
770 2354 960 2419 conterebas.
1018 2363 1101 2424 Tum

68 2460 169 2528 ruine,
199 2456 285 2538 quod
304 2455 564 2532 Ec1.v1‚62.65
606 2459 760 2546 subiicitur
778 2455 829 2522 vss'.
847 2461 984 2526 23-25
1003 2463 1099 2528 breue

69 2559 209 2631 vidimus,
230 2557 260 2616 h.
279 2577 414 2634 caneret,
436 2579 468 2624 vt
483 2563 565 2645 spar—
607 2582 729 2622 carmen
768 2583 805 2622 ex
845 2560 1001 2625 Theocrit.
1038 2568 1100 2643 111,

70 2676 182 2741 guntur
215 2694 258 2706 —
300 2678 332 2722 vt
360 2664 565 2734 inducuntur;
606 2668 689 2727 5-5
712 2663 893 2725 adverbum
910 2668 1099 2734 conuersum.

71 2778 121 2820 aut
135 2778 165 2820 vt
179 2761 277 2842 sparsa
288 2761 415 2825 floribus
426 2764 461 2827 fit
473 2782 564 2840 terra,
608 2769 775 2848 Comperut
797 2764 850 2826 ista
865 2771 946 2827 inter
961 2768 990 2828 se
1006 2772 1101 2831 Scali-

73 2879 163 2944 t‘tque
193 2865 294 2925 fontes
319 2868 479 2928 arboribus
501 2892 566 2930 vm·
607 2892 662 2952 ger
678 2872 765 2933 Poet.
781 2868 863 2940 v,*5
879 2890 943 2948 pu,
975 2869 1025 2930 sed
1047 2872 1100 2935 suo

72 2963 163 3025 brofis
185 2965 291 3026 consui
310 2967 378 3028 tint.
431 2972 566 3053 Respicit
607 2993 703 3032 more.
737 2969 816 3029 Add.
853 2971 932 3029 Gell.
967 2972 1029 3045 lx,
1069 2996 1100 3055 9.

74 3083 173 3125 autem
208 3070 367 3146 Eclogam
404 3078 565 3155 quintam,
609 3095 658 3132 22.
690 3071 918 3152 Amaryllida,
965 3073 1102 3136 delicias

74 3173 208 3249 inprimis
228 3177 261 3229 v.'
275 3193 314 3232 20
337 3190 368 3233 et
389 3184 431 3254 4ο
468 3180 565 3259 Spar·
607 3172 755 3250 nostras:
814 3190 867 3234 eut
905 3197 1101 3241 communem
1180 3233 1182 3238 .

73 3276 137 3347 gite
149 3273 285 3332 humum
292 3278 408 3355 foliis,-
435 3280 563 3339 induci·
606 3282 763 3359 Vtriusque
783 3281 911 3336 amicam
929 3278 1031 3340 dicere
1046 3303 1102 3342 vo-

75 3375 265 3453 tefontibus
279 3378 419 3441 umbras.
441 3384 565 3443 Vtrum·
607 3382 673 3450 luit,
696 3396 748 3438 aut
759 3399 829 3458 pro,
848 3400 948 3439 meum
962 3387 1100 3446 amicam.

74 3498 220 3558 quevero
242 3478 318 3551 dici,
345 3497 391 3555 et,
409 3484 566 3563 fontibus
607 3485 758 3542 Neutrum
780 3479 847 3541 satis
875 3484 996 3563 plecct3
1041 3485 1102 3548 hoc

74 3579 227 3639 inducere
241 3581 384 3657 vmbras,
404 3602 435 3646 et
448 3588 566 3668 fontes
608 3603 711 3645 temen
732 3590 828 3667 magis
851 3587 1101 3663 consentaneum,

73 3680 228 3741 inducere
273 3686 414 3761 vmbris,
452 3689 566 3749 ·d0cet
608 3689 861 3771 quandoquidem
891 3691 1006 3750 Moeris
1040 3695 1103 3750 iem

72 3785 173 3845 Burm.
189 3786 273 3845 adh.
290 3789 309 3847 l.
608 3792 692 3852 senio
707 3792 818 3851 [rectus
832 3789 875 3853 est
889 3815 916 3854 v.
932 3796 982 3854 51.
1010 3792 1053 3851 Vt
1065 3812 1103 3853 ex

115 3910 164 3948 21.
189 3890 255 3949 Vel
269 3912 355 3971 quae
376 3890 412 3951 sc.
436 3896 502 3974 quis
519 3914 567 3952 ca·
610 3895 668 3952 elia
694 3893 824 3974 persona
855 3894 968 3954 dictum
991 3892 1104 3954 hebea-

69 4007 177 4065 neret,
204 3997 271 4073 quis
288 3992 441 4053 cecinisset
455 3996 504 4054 vel
520 4017 566 4069 ea,
611 4011 668 4068 tur,
681 3996 773 4056 verba
789 3994 887 4055 versus
898 4018 937 4057 22
955 3996 1062 4076 Quum
1070 4009 1104 4053 te

69 4116 151 4177 quae
167 4115 283 4174 nuper,
312 4110 344 4155 te
357 4115 424 4155 non
436 4094 568 4158 sentien-
609 4118 676 4157 non
712 4100 897 4172 admittunt,
952 4093 1008 4155 nist
1035 4100 1103 4177 quis

68 4215 112 4271 te,
141 4219 213 4258 cum
236 4217 380 4271 caneres,
411 4215 501 4263 exte
523 4203 569 4262 di·
611 4202 709 4262 aliena
722 4201 918 4264 desuosensu
933 4196 1102 4258 admisceat.
