2692 4914
153 337 506 414 GEORGICON
539 336 964 430 Ltss.1v,305-316
1040 369 1124 444 7¹7

62 525 232 617 Donec,
266 542 306 599 vt
329 520 472 599 aestiuis
493 521 626 600 effusus
647 524 809 600 nubibus
830 525 963 618 imber,

62 662 263 760 Erupere3
302 679 368 733 aut
385 679 440 753 vt,
473 685 593 734 neruo
612 657 779 760 pulsante
804 657 964 760 sagittae,

60 795 197 868 Prima
217 793 321 869 leues
345 799 478 869 ineunt
496 792 701 897 liquando
724 792 867 895 proelia
893 795 1032 870 Parthi.

149 931 243 1026 Quis
262 931 369 1004 Deus
391 928 505 1022 hane,
543 926 686 1022 Musae,
728 934 809 1029 quis
831 928 940 1004 nobis
961 929 1108 1005 extudit

675 1165 677 1168 .
716 1061 862 1137 artem?
1030 1065 1106 1140 315

60 1193 182 1272 Vnde
201 1220 304 1270 noua
325 1193 501 1297 ingrellus
520 1195 718 1271 hominum
737 1200 965 1299 experientia
981 1197 1106 1301 cepit?

10 1407 13 1420 '
61 1427 123 1479 que
141 1417 233 1482 magle
252 1429 287 1466 ete
304 1420 396 1486 magle
413 1413 566 1475 Romanus,
595 1429 621 1468 et
645 1411 688 1467 tlii
701 1413 794 1476 Pierii,
824 1431 888 1466 rnut
907 1410 998 1466 Mead.
1018 1412 1103 1468 Goth.

61 1513 106 1567 pr.
125 1495 181 1548 Erl'.
217 1495 261 1551 sic
277 1499 357 1551 etiam
375 1497 474 1552 Medic.
495 1515 510 1552 a
531 1518 565 1552 m.
584 1518 639 1570 pr..
675 1498 761 1554 deleto
783 1497 926 1572 policarpi
948 1517 998 1559 ac,
1030 1500 1105 1553 etin

10 1638 12 1645 .
59 1579 248 1644 Mentelianm
287 1582 330 1636 led
351 1581 422 1636 eraso
447 1602 500 1654 que
521 1601 536 1636 tt
557 1600 593 1635 m.
617 1581 683 1644 lec..
717 1600 743 1639 rt
765 1582 797 1636 lit
820 1598 929 1636 tenuem
955 1591 1045 1654 magts
1068 1604 1105 1639 ae

10 1647 29 1703 ll
60 1672 175 1736 magts:
212 1668 349 1739 quomodo
363 1687 403 1741 pr.
418 1667 528 1721 Mentel.
549 1684 575 1722 et
594 1686 632 1739 pr.
650 1667 722 1721 voff.
742 1683 768 1721 et
788 1667 831 1721 elii
851 1668 967 1740 quinque
986 1669 1105 1733 Heinlii3

62 1766 182 1824 quatuor
193 1753 354 1814 Burmanni,
380 1769 431 1807 tm
450 1754 574 1813 Martini,
602 1753 685 1806 Goth.
706 1751 756 1804 lec.
804 1753 837 1806 Et
854 1752 889 1806 lic
911 1751 960 1805 Ge.
982 1754 1028 1813 Ul,
1045 1756 1104 1809 185.

10 1822 28 1883 Ιῐ
62 1837 119 1907 396
137 1844 230 1908 mugit
249 1853 335 1909 atque
353 1844 452 1909 magis.
501 1837 599 1892 Probat
625 1838 714 1909 itaque
730 1836 870 1900 Heinliutt
909 1853 935 1890 et
960 1836 997 1892 ast
1016 1837 1104 1894 lenia·

10 1918 27 1968 '¹⁵
65 1939 165 1995 quem:
192 1930 283 1994 magis
298 1932 405 1994 megin
422 1923 495 1995 quod
509 1942 559 1976 vno
575 1921 672 1976 Catulli
685 1921 815 1994 exemplo,
835 1939 997 1992 quamquam
1011 1939 1037 1976 et
1055 1923 1102 1978 illo

10 2017 26 2076 tf
66 2006 207 2079 ambigute
219 2008 361 2069 iuncturae,
383 2006 488 2061 delendi
502 2021 605 2080 poterat
617 2007 708 2069 LXIII,
717 2017 769 2074 274
786 2004 855 2077 Post
866 2023 952 2060 vento
963 2008 1104 2079 crescente

10 2105 23 2144 r
64 2100 159 2164 magis
176 2101 268 2165 magia
289 2092 504 2163 increbrescunt.
560 2082 642 2146 Patro
665 2111 734 2144 aera
761 2106 876 2157 captant
895 2093 991 2156 Rom„
1016 2094 1103 2158 malet

10 2188 22 2229 t
62 2174 119 2232 ltoc
138 2177 254 2232 facerent
279 2179 413 2250 spirentet.
493 2180 544 2233 312
564 2192 591 2231 et
608 2197 634 2229 a.
659 2176 751 2249 effusor
768 2193 851 2250 quart.
870 2179 970 2233 Moret.
992 2193 1019 2234 et
1037 2198 1104 2236 mut

10 2279 18 2314 t
62 2262 157 2320 mend
229 2265 281 2318 313
298 2265 436 2333 Ertpuere
454 2262 556 2336 aliquot
573 2263 701 2326 Pietitni‚⁰
735 2263 763 2316 in
795 2262 896 2335 aliquot
923 2264 981 2319 aliia
1005 2266 1103 2331 velut,-

65 2347 140 2422 qnod
160 2348 233 2402 etin
252 2348 368 2421 quinque
389 2347 461 2418 apud
478 2350 568 2401 Burni.
591 2349 619 2400 in
635 2365 686 2400 vno
708 2347 832 2402 Arundel.
855 2347 938 2403 Goth.
962 2348 1011 2405 lec.
1029 2368 1044 2403 ε
1063 2370 1101 2406 m.

64 2432 116 2488 lec.
152 2435 203 2488 vel
219 2448 252 2486 νε
269 2434 358 2487 Frauc.
373 2449 399 2487 et
412 2451 478 2485 vnut
491 2434 582 2487 Mead.
650 2434 703 2488 315
721 2449 770 2486 aut
781 2432 883 2503 Musae
898 2435 995 2499 Mutet.
1015 2452 1101 2508 quart.

10 2523 14 2578 't
64 2521 170 2574 extulit
188 2518 326 2592 permultit
357 2518 401 2573 led
425 2518 549 2580 extudit,
574 2516 646 2590 quod
660 2518 721 2570 inde
737 2520 770 2571 ab
784 2517 861 2572 Aldd.
875 2519 975 2582 editur,
1001 2537 1027 2574 et
1046 2541 1102 2575 me-

10 2647 13 2660 ,
61 2603 164 2659 lterum
184 2602 336 2666 consensus,
370 2619 396 2657 et
416 2603 584 2676 grammatica
604 2603 671 2655 ratio
694 2602 825 2664 defendit,
860 2605 933 2674 quod
954 2603 991 2659 est
1010 2605 1102 2677 exqui-

59 2689 152 2758 litiut3
170 2688 250 2742 habet
265 2689 344 2742 etiem
365 2689 516 2765 ediuuctam
535 2689 650 2762 aliquam
667 2688 804 2741 notionem
818 2684 982 2743 alliduitatit.
1017 2691 1101 2746 Dicat

60 2775 168 2849 eliquit,
187 2776 256 2828 hanc
269 2777 297 2828 in
313 2774 393 2828 deum
407 2794 463 2828 non
478 2775 584 2837 cadere;
605 2792 692 2827 terum
707 2792 762 2825 uon
777 2773 813 2824 ita
827 2788 980 2842 argutantur
993 2789 1098 2845 poetae.

60 2861 182 2916 secuda
203 2858 292 2914 vitiose
311 2859 408 2922 nostri,
429 2860 483 2914 duo
496 2862 586 2914 Burm.
601 2875 627 2914 et
640 2860 725 2932 pluret
740 2857 857 2912 Martini.
871 2856 922 2909 vid.
943 2857 977 2911 ad
998 2857 1098 2930 Georg.

57 2947 83 3010 I,
106 2947 165 3002 133·
222 2953 271 3018 qul
298 2947 380 3000 nohis
402 2945 480 2999 codd.
513 2944 584 3016 apud
606 2945 727 2998 Pieriam.
788 2942 871 2994 vobis
890 2940 943 2994 Erf.
967 2961 1035 2995 am.
1055 2962 1095 3013 pr.

56 3033 113 3088 316
131 3031 281 3104 tnpreffum
294 3030 404 3085 Mentel.
419 3030 466 3085 lec.
504 3029 655 3103 ingreffum
668 3030 811 3084 homnem
829 3024 879 3081 Ed.
894 3027 962 3082 Ven.
1002 3037 1098 3102 eoepit

57 3116 123 3172 edd
136 3114 235 3170 multae
251 3115 322 3188 apud
334 3118 423 3170 Burm.

55 3291 164 3363 vum,
185 3287 216 3350 lt.
231 3290 353 3361 volant:
374 3292 460 3375 quod
476 3290 559 3352 idem
601 3290 640 3350 de
659 3283 818 3371 precellit:
856 3307 920 3372 qua
940 3306 975 3348 re
995 3280 1097 3349 homi-

58 3389 125 3464 est,
154 3388 336 3468 stridentia
351 3397 470 3475 pennis
488 3393 559 3472 mis-
599 3412 655 3454 nes
678 3391 801 3476 adducti
823 3391 862 3450 ad
889 3389 969 3449 hanc
997 3405 1098 3453 artem

59 3507 190 3554 uretur.
232 3497 305 3558 313.
320 3497 479 3579 Erupere,
493 3516 559 3556 me·
600 3495 638 3555 ab
661 3497 849 3575 experientia
873 3492 1098 3573 suppeditatam

57 3597 122 3659 lius
160 3616 253 3678 quam
291 3612 475 3678 erumpunt3
520 3610 559 3656 νε
598 3592 746 3678 progrelli
761 3595 837 3655 sunt.
860 3595 983 3654 Lucret.
996 3593 1021 3668 1,
1031 3596 1097 3674 384

46 3699 206 3780 sagittae
220 3719 368 3780 erupere,
392 3720 494 3758 neruo
511 3720 559 3758 ar·
601 3696 700 3763 Vnde
722 3699 842 3756 initum
870 3699 1017 3778 primum
1041 3717 1098 3754 ea-

58 3821 116 3862 cus
146 3800 320 3882 pulsante,
360 3801 559 3884 propellente
595 3805 671 3885 piat
692 3820 744 3858 res
761 3783 912 3882 quaeque
929 3795 1094 3857 mouendi.

58 3902 212 3987 sagittam.
599 3905 716 3964 Totum
736 3900 819 3962 hunc
832 3903 936 3962 locum
953 3919 971 3958 a
990 3897 1097 3959 secun·

130 4007 203 4068 διδ.
226 4003 326 4068 Vnde
344 4028 436 4068 noua
454 4007 559 4066 homi·
600 4007 646 4067 dis
674 4019 787 4085 poetae
813 4009 891 4064 curis
919 4000 1096 4082 profectum

62 4128 145 4166 rrum
167 4111 374 4189 experientia
398 4112 484 4191 cepit
509 4110 560 4167 in·
603 4106 680 4181 elle,
730 4107 855 4167 tradunt
889 4104 1097 4164 Grammatici.
1198 4123 1200 4126 ·

59 4211 197 4290 greffur,
218 4208 325 4272 habuit
340 4214 484 4285 exordiat
504 4232 561 4276 vn·
602 4209 663 4273 vid.
693 4210 799 4269 V'tatu
830 4204 950 4289 Virgilii
986 4206 1013 4280 §.
1042 4203 1097 4283 59.

106 4309 242 4375 ΤοιΙ
658 4314 690 4373 Ν
698 4332 785 4374 nnn
