2692 4914
147 334 198 410 οε
319 303 410 404 un
434 325 697 404 cenum
729 325 1018 448 Bvcomco

55 514 63 522 ⁸
144 517 353 622 probabile
369 518 447 618 fit,
483 542 574 590 cum
601 520 757 617 Tityrus
787 521 947 591 initium
973 501 1183 590 Bucolico·

149 682 239 731 rum
275 648 507 751 constituiffe
542 651 706 750 feratur
744 657 829 727 iarn
866 655 969 726 inter
1000 651 1184 722 Maronis

150 788 355 889 aequales:
388 788 536 879 Tityrus
559 803 597 858 et
618 783 742 886 fruges
762 787 979 887 Aeneiaque
1000 809 1106 857 arma
1132 784 1184 859 le·

150 943 298 1024 gennit,
333 924 454 993 Roma
478 919 695 1018 triurnphati
721 918 811 992 dum
832 939 946 1020 caput
966 920 1069 995 orbis
1099 925 1185 1009 erit3

151 1056 232 1157 ipse
256 1072 391 1127 autem
418 1058 540 1128 Maro
567 1054 654 1126 Ecl.
680 1058 725 1127 X
745 1081 807 1156 pr.
830 1057 964 1156 finem
986 1053 1188 1132 Bucolicis

143 1190 193 1292 se
220 1195 422 1289 imponere
445 1187 549 1261 velle
569 1188 819 1290 profiteatur,

254 1457 318 1528 De
347 1471 520 1556 tempore
548 1470 586 1528 et
619 1454 753 1530 ordine
783 1452 998 1553 eclogarum
1030 1454 1105 1530 nd„
1119 1452 1188 1525 Vi·

153 1605 240 1665 tam
262 1591 438 1690 Virgilii,
471 1594 649 1660 maxime
664 1592 723 1661 ad
737 1616 776 1661 a.
796 1616 884 1687 717,
905 1588 1010 1685 satis
1034 1585 1189 1688 copiose

156 1728 402 1826 disputatum
432 1720 505 1823 effe
533 1720 785 1802 arbitramur.
840 1723 1094 1796 Manendum
1118 1721 1189 1792 ad·

153 1859 232 1933 buc
256 1860 307 1931 de
336 1858 513 1956 allegoria
537 1858 784 1958 Eclogarum
820 1858 1004 1960 Virgilii,
1039 1861 1087 1926 in
1109 1879 1189 1954 qua

156 1997 239 2068 clici
260 2019 341 2065 non
360 1991 518 2101 potest,
533 2017 656 2090 quam
676 2018 832 2064 vanarn
852 2010 890 2064 et
912 1997 1082 2075 inanem
1102 2016 1189 2089 ope·

122 2106 125 2107 ⁷
154 2147 246 2203 ram
278 2154 306 2198 a
342 2128 477 2199 Seruio
514 2128 609 2196 inde
643 2129 723 2197 viri
755 2127 866 2198 docti
896 2124 1188 2223 consumserint.

155 2263 212 2336 Et
250 2262 403 2333 Seruius
443 2261 623 2359 quidem,
674 2285 765 2332 cum
803 2263 953 2360 exigua
994 2283 1192 2330 commen·

156 2398 353 2469 tariorum
384 2420 480 2493 pars
509 2397 675 2492 antiquo
713 2394 777 2465 illi
809 2395 946 2467 Seruio
986 2390 1190 2470 debeatur,

157 2545 219 2601 tot
248 2544 410 2624 tamque
440 2530 565 2597 variis
599 2545 638 2600 et
671 2526 723 2599 ab
752 2533 862 2600 omni
890 2523 1090 2623 historiae.
1102 2527 1193 2626 fide

159 2662 298 2734 alienis
325 2665 553 2731 commentis
583 2679 622 2733 et
651 2666 768 2762 nugis
800 2659 1098 2758 consarcinatus
1126 2655 1190 2753 est,

157 2813 204 2870 ‘bt
233 2797 446 2893 unicuique
476 2801 656 2895 argutias
692 2800 872 2895 captanti
908 2821 1063 2894 magna
1088 2794 1192 2891 satis

158 2935 279 3030 copia
304 2933 499 3000 materiae
524 2931 582 3001 ad
608 2956 771 3001 manum
788 2925 854 3023 fit.
912 2929 1105 3003 Cutroeus
1123 2954 1191 2998 au·

159 3083 253 3144 tem,
287 3068 396 3134 cuius
419 3067 643 3136 vanitatem
664 3080 709 3136 vt
724 3064 853 3161 ferar,
887 3088 1041 3162 magna
1068 3062 1191 3132 animi

159 3201 362 3294 aequitate
391 3213 430 3265 et
453 3200 653 3294 patientia
681 3224 778 3297 opus
805 3193 878 3292 est,
921 3214 1135 3296 tamquam
1155 3187 1192 3287 fl

160 3329 203 3398 in
224 3326 460 3421 Romanensr
475 3326 628 3422 fabula
652 3332 894 3428 uersaretur,
929 3332 1036 3434 adeo
1066 3327 1192 3401 multa

44 3455 48 3464 '
160 3482 271 3528 noua
322 3474 360 3529 et
408 3477 495 3531 tam
543 3466 784 3562 confidenter
833 3471 1018 3537 mentitus
1067 3464 1199 3563 tnagis

161 3616 283 3691 quarn
317 3611 556 3666 commentus
584 3595 656 3692 cst,
696 3616 742 3669 vt
765 3602 980 3678 interdum,
1007 3594 1204 3696 quorsum

162 3722 333 3817 euasura
365 3750 425 3796 res
450 3725 523 3820 fit,
557 3730 682 3827 plane
712 3733 888 3805 haereas.
962 3733 1115 3806 Verum
1147 3754 1204 3802 ev

162 3854 321 3952 reliquis
346 3862 467 3930 etiam
488 3864 780 3964 Interpretibus,
817 3872 888 3966 qui
923 3873 1082 3941 maiore
1106 3889 1209 3939 cuns

158 3988 333 4089 pudore,
367 3992 508 4064 iudicii
531 4004 714 4070 acumine
737 4019 775 4072 et
793 4006 987 4085 veritate,
1018 4002 1208 4102 Eclogas

164 4138 413 4203 enarrarunt,
434 4127 506 4196 vix
520 4135 727 4232 quisquam
742 4133 807 4234 ‘st’
828 4142 898 4236 qui
915 4136 968 4210 ab
985 4165 1034 4212 eo
1055 4133 1207 4210 morbo
