2692 4914
251 324 326 398 236
578 322 875 399 EXCVRSVS
903 325 966 394 11*

479 513 929 594 EXCVRSVS
972 505 1054 590 II*

323 659 389 735 De
411 658 541 733 Sileno
562 686 598 730 a
618 660 765 767 Satyris
790 675 829 729 et
848 658 1038 758 Nymphis
1060 661 1207 728 vincto.

249 864 251 868 ⁴
341 832 548 906 Eel.v1,13.
580 830 726 890 Chromis
740 843 773 887 et
788 829 1003 911 Mnasylosin
1020 809 1118 888 antlo
1136 829 1285 888 Silenum

253 936 352 1018 prieti
369 935 490 1011 somno
512 931 627 993 videre
649 934 809 990 iacentem
824 965 867 978 -
886 927 1054 1010 Adgreffi,
1088 951 1166 988 nam
1179 930 1290 1009 saepe

250 1038 360 1117 senex
377 1038 443 1119 spe
464 1036 619 1095 carminis
642 1032 739 1093 ambo
765 1033 919 1112 Luserat,
960 1036 1114 1093 iniioiunt
1143 1031 1214 1114 insu
1244 1054 1289 1091 ex

252 1140 511 1216 tus'ncrtlosertis.
554 1135 664 1196 Addit
674 1134 717 1213 ste
725 1135 872 1213 sociam,
892 1124 1080 1220 timidisque
1088 1136 1290 1218 steperrsenic

259 1241 386 1320 Aegle,
412 1228 520 1318 Aegle
537 1235 705 1298 Naiadum
721 1238 945 1319 pulcerrima(

343 1376 421 1434 Cum
437 1387 537 1434 motus
551 1375 661 1432 mentis
676 1377 793 1455 magnis
807 1369 938 1432 sensibus
959 1361 1117 1432 contactae
1138 1385 1170 1431 et
1190 1369 1293 1451 phan-

254 1490 387 1538 tesmata
414 1478 507 1534 animi
535 1477 679 1534 concitati
706 1474 745 1534 ab
768 1455 904 1534 aetatum
926 1471 1090 1554 priscarum
1111 1471 1293 1535 hominibus

256 1589 318 1641 nec
335 1577 464 1636 discerni
480 1575 545 1636 satis
561 1579 643 1635 inter
658 1573 760 1636 senec
778 1577 818 1635 od
841 1572 952 1635 causs'os
970 1575 1032 1635 suns
1053 1571 1175 1655 possent
1196 1597 1294 1636 reuo-

258 1685 332 1751 cari,
360 1679 501 1760 adeoque
521 1697 581 1738 nec
600 1692 635 1738 re
657 1695 716 1737 nec
734 1682 864 1738 nomine·
883 1677 1000 1738 notari:
1044 1677 1225 1738 adiutores
1247 1680 1293 1739 illi

260 1784 406 1845 diuinitus
423 1779 576 1841 mentibus
599 1776 742 1840 immissos
755 1782 892 1840 reuocati
906 1779 982 1853 sunt,
1011 1780 1107 1839 modo
1130 1781 1291 1862 religiosos

258 1885 356 1953 modo
371 1881 525 1952 fatidicos3
546 1878 638 1941 sidem
653 1881 806 1942 faciebant
821 1886 961 1962 opinioni
980 1884 1095 1944 colores
1114 1887 1294 1946 animorum

259 1999 292 2048 et
306 1987 423 2047 furores
440 1989 474 2043 in
489 1988 580 2067 orgiis
592 1981 744 2044 Bacchicis
760 1998 792 2044 et
807 1984 943 2069 Phrygiis
967 2007 1025 2066 per
1045 1984 1154 2046 choros
1174 1987 1214 2046 od
1234 2007 1295 2046 nu·

258 2107 362 2148 meros
389 2090 553 2146 concitatos
582 2101 798 2169 tympanorum
823 2103 855 2149 et
881 2087 1021 2148 tibiarum
1046 2090 1166 2149 moueri
1192 2088 1291 2153 soliti:

260 2189 301 2249 de
322 2187 432 2272 quibus
446 2188 486 2246 ad
499 2188 602 2247 locum
617 2189 775 2250 Strabonis
793 2190 846 2250 lib.
874 2192 913 2250 X.
963 2191 1149 2272 disputatum
1167 2189 1211 2252 esi
1227 2197 1291 2254 alio

172 2298 178 2311 '
258 2290 331 2353 loco
362 2291 579 2367 (Commentat.
608 2292 719 2354 Sociat.
746 2294 823 2376 Reg.
854 2296 901 2353 Sc.
932 2295 1071 2378 GottIng.
1099 2297 1170 2357 Vol.
1193 2299 1293 2381 VIII.)

251 2360 327 2454 sIam
342 2392 418 2452 haec
433 2391 542 2459 eadem
556 2393 700 2452 translata
716 2391 776 2455 esse
791 2395 830 2454 ad
842 2413 925 2457 vates
934 2440 944 2468 ,
971 2412 1002 2457 et
1015 2398 1087 2458 inde
1108 2398 1147 2458 ad
1168 2417 1290 2480 poetas,

259 2511 295 2555 vt
314 2510 347 2555 et
366 2491 421 2574 ipsi
441 2494 500 2553 deo
522 2495 721 2572 incalescere,
748 2497 867 2571 furere,
903 2498 1067 2580 μαίνεσθαι
1094 2516 1291 2582 putaremur,

169 2649 172 2657 ,
259 2611 337 2657 nota
356 2615 404 2655 res
425 2592 475 2656 est
577 2643 579 2648 Α

344 2713 429 2772 inter
457 2714 547 2787 deos,
586 2718 640 2796 qui
660 2717 779 2779 vatibus
799 2736 830 2780 et
857 2724 957 2801 poetis
977 2722 1095 2784 furores
1116 2728 1291 2803 iniicerent,

259 2815 374 2895 Apollo
390 2830 421 2874 et
436 2817 540 2878 Musae
560 2839 633 2879 ntor
653 2834 684 2880 et
696 2819 858 2903 Nymphae
880 2840 912 2883 et
933 2826 983 2883 alii
1005 2826 1064 2898 dii,
1091 2825 1189 2889 habiti
1213 2831 1290 2905 sunt,

261 2918 328 2977 tuin
343 2933 376 2977 at
387 2916 544 2987 Bacchus,
566 2924 618 3001 qui
635 2936 667 2980 et
682 2925 714 2979 in
725 2923 875 3003 Apollinis
890 2939 921 2984 et
934 2927 1086 2987 Musarum
1102 2932 1291 2996 consortium

261 3024 443 3080 eonomine
459 3023 552 3079 venit.
594 3023 666 3082 Non
685 3027 795 3081 mirum
815 3028 919 3107 itaque
939 3024 971 3101 fi,
1000 3033 1134 3093 rumille
1154 3035 1223 3097 suos
1240 3061 1290 3099 co·

260 3125 350 3180 mites
365 3136 397 3180 et
411 3115 575 3195 θιασώτας,
596 3126 733 3203 inprimis
747 3122 888 3201 Bacchus,
909 3130 1075 3191 Maenades
1089 3135 1163 3196 inde
1184 3139 1288 3209 dictas,

260 3222 366 3281 surore
388 3224 547 3302 impleret,
587 3224 723 3285 Silenum
744 3233 787 3288 ita
808 3228 916 3294 ἔνθεον
938 3231 976 3292 ab
999 3255 1037 3294 eo
1054 3237 1210 3300 redditum
1229 3243 1289 3305 ess'e

260 3320 396 3400 μυθικῶς
410 3339 573 3383 narrarunt
586 3342 706 3404 poetae,
722 3345 755 3389 vt
765 3346 797 3391 et
807 3337 1030 3409 vaticinaretur,
1043 3341 1125 3400 vtilia
1134 3364 1286 3423 moneret,

262 3424 389 3483 tandem
404 3440 432 3485 et
445 3441 548 3485 vatum
562 3447 648 3488 more
663 3448 802 3504 canerem
822 3440 926 3518 itaque
943 3459 982 3499 eo
998 3441 1166 3506 deuentum
1181 3445 1234 3522 eli,
1257 3467 1289 3510 vt

261 3526 368 3585 Sileno
397 3525 604 3597 tribuerentur
627 3540 776 3609 carmina,
821 3539 945 3600 tandem
973 3543 1212 3625 disputationes,
1249 3554 1289 3614 do

261 3624 352 3686 rebus
368 3625 493 3711 phyficis
509 3652 544 3692 ac
560 3632 686 3697 diuinis:
716 3658 754 3698 eo
769 3641 876 3714 modo,
899 3646 953 3724 qui
973 3645 1125 3727 expositus
1140 3649 1185 3714 est
1197 3675 1217 3715 a
1238 3676 1289 3716 me

261 3731 295 3788 in
316 3747 499 3814 argumento
521 3732 609 3796 huius
625 3737 767 3819 Eclogae.

346 3857 425 3915 Cum
440 3857 531 3921 semel
548 3885 598 3937 ea,
626 3886 708 3946 *quae
723 3867 850 3931 de'vate
871 3876 1055 3939 vaticinante
1076 3889 1196 3944 narrari
1215 3885 1290 3949 sole·

232 4016 235 4025 Δ
259 3954 345 4031 bant,
368 3962 523 4022 transferri
535 3965 702 4047 coepissent
717 3971 756 4029 ad
770 3988 895 4052 poetas:
922 3977 1063 4040 Sileno-a
1083 3982 1215 4069 Virgilio
1238 3994 1291 4050 tri·

259 4059 363 4121 buitur
379 4060 439 4122 boc
455 4087 592 4150 quoque,
619 4072 704 4151 quod
725 4078 955 4139 vaticinantium
976 4098 1042 4142 erut
1062 4093 1237 4168 proprium,
1259 4107 1291 4152 vt

259 4183 325 4223 non
339 4162 395 4225 nili
409 4169 498 4230 inuiti
511 4187 543 4232 et
557 4173 742 4239 reluctantes
757 4178 850 4239 deum
862 4186 1052 4263 reciperent3
1080 4203 1155 4267 nutri
1169 4193 1293 4256 Silenus
