2692 4914
182 122 238 179 υ,
293 160 298 170 ,

133 191 145 205 ²
177 202 190 219 .r

143 326 210 399 162
337 326 379 399 P.
399 323 652 400 VIRGILII
679 322 941 397 MARONIS

141 508 264 587 Ambo
288 508 463 588 florentes
487 511 688 602 aetatibus,
732 507 895 583 Arcades
918 504 1043 596 ambo,

143 644 191 719 Et
213 662 363 720 cantare
381 672 506 749 parea,
534 664 572 719 et
593 642 817 744 respondere
841 645 971 744 parati.
1150 635 1174 710 5

144 777 230 852 Huc
241 777 350 870 mihi,
382 780 472 854 dum
485 798 630 857 teneras
648 774 813 852 defendo
830 799 853 846 a
868 772 1006 872 frigore
1020 788 1173 863 myrtos,

214 980 231 1034 5
252 995 360 1033 certare
378 998 462 1049 paret
481 977 556 1034 Leid.
599 991 626 1031 et
648 976 817 1048 respondere
834 982 919 1046 periti
937 974 1007 1027 coni.
1028 974 1066 1025 Io.
1081 971 1180 1024 Schras

146 1060 219 1123 δθῐη
244 1080 271 1117 vt
289 1067 317 1118 in
333 1064 447 1117 'I'heoen
476 1059 555 1132 ἄμφω
577 1068 687 1131 Mittite
711 1065 868 1132 διδαημένω,
894 1057 973 1130 ἄμφω
997 1058 1087 1114 ἇείδεν.
1121 1056 1179 1107 Sci·

148 1145 211 1198 licet
228 1149 400 1202 ethocbene
415 1147 537 1216 scripturn
553 1145 628 1208 effen
654 1145 697 1200 led
712 1163 791 1218 poeta
803 1145 894 1197 maluit
908 1145 1027 1197 alterum.
1086 1141 1178 1193 6Hue

148 1229 221 1283 mihi
234 1234 368 1286 reuocauit
378 1234 482 1290 Burm.‚
500 1247 527 1284 vt
541 1232 569 1283 in
586 1232 726 1284 Medinat
739 1231 796 1283 aliie
811 1229 923 1302 antiquit
937 1228 1023 1299 ljbrit.
1047 1225 1075 1278 it.
1092 1223 1176 1277 Goth.

149 1311 199 1365 lec.
220 1332 283 1370 am.
297 1335 336 1389 pr.
378 1319 432 1368 Hie
453 1315 524 1369 milti
541 1329 596 1367 erat
613 1316 640 1367 iu
654 1315 712 1368 Ald.
735 1334 772 1385 pr.
788 1330 816 1367 et
832 1314 894 1366 binc
912 1311 1058 1383 descriptit.
1083 1312 1177 1362 Hune

150 1396 286 1468 Naugerio
306 1416 451 1472 receptum
476 1400 549 1470 quod
568 1401 662 1454 iterum
683 1402 796 1454 eiectum
818 1399 845 1451 in
863 1396 1059 1451 Pulmannian'n
1078 1411 1104 1448 et
1122 1393 1178 1446 aliie

150 1479 214 1534 binc
231 1503 277 1556 per
291 1485 408 1556 Belgium
425 1485 519 1538 ductii.
553 1485 741 1557 Interpretatur
758 1501 847 1537 tamen
867 1485 921 1536 Hic
939 1481 1055 1535 Seruius.
1102 1495 1180 1531 terre-

154 1584 202 1618 τω
222 1567 294 1623 Vols.
338 1585 440 1641 myrtus
460 1568 532 1624 Gud.
553 1568 624 1622 coni.
644 1570 711 1623 Not.
760 1570 830 1624 Cum
842 1569 956 1641 frigus,
989 1566 1064 1638 quod
1083 1579 1181 1635 myrtot

152 1667 257 1714 exurat,
292 1672 339 1726 per
358 1651 483 1707 aestiuum
501 1670 605 1724 tempu·
630 1673 723 1726 parum
749 1655 816 1708 bena
837 1667 1010 1706 momontum
1036 1649 1180 1703 ridereturt

152 1735 260 1791 Volliua
281 1738 367 1793 deleto
390 1759 409 1792 a
429 1739 586 1812 explicabat:
628 1739 754 1812 defendo
779 1755 883 1811 myrtos
894 1738 1014 1810 frigore
1034 1735 1064 1787 h.
1086 1731 1183 1795 umbre,

153 1839 191 1873 ue
212 1821 284 1878 aellu
301 1839 448 1880 exurantur.
479 1826 569 1881 Burni.
584 1825 654 1881 coni.
683 1827 738 1877 ch
759 1843 809 1898 ego
832 1824 900 1877 dum
921 1837 1033 1877 tenerur
1055 1818 1180 1893 defendo

155 1924 176 1957 a
186 1906 304 1982 srlgore
313 1907 409 1982 setus,
440 1925 467 1962 rt
487 1910 586 1962 haeder
604 1908 745 1982 intelligat,
771 1927 837 1982 quot
857 1908 886 1962 lu
905 1908 993 1980 aprico
1014 1905 1073 1959 loco
1092 1902 1183 1977 posue·

156 1991 200 2044 rit.
242 1995 280 2047 lta
304 2011 365 2046 reto
390 1994 482 2047 eadem
507 1994 648 2050 difficultas
674 2011 776 2058 menet,
813 1993 881 2046 vnde
908 2007 1011 2046 tantum
1036 1988 1116 2058 frigus
1138 2007 1185 2059 per

158 2074 285 2131 aestiuum
305 2078 419 2132 calorem
437 2080 531 2134 veniat.
565 2072 625 2136 Nec
645 2080 719 2135 aliter
737 2079 763 2134 se
782 2095 823 2132 rea
835 2077 931 2139 habet,
956 2076 1052 2131 ficum
1064 2074 1115 2127 alio
1130 2073 1183 2127 tiro

156 2247 312 2310 Mattbioli
326 2255 503 2313 auctoritate
517 2275 588 2314 eum
601 2276 650 2316 re·
690 2251 788 2335 perse
802 2249 934 2312 otiosum
945 2269 1012 2309 non
1021 2245 1105 2319 ellat,
1117 2267 1186 2306 cum

158 2348 238 2409 tellit
251 2352 411 2412 Martinua
446 2355 560 2416 Saltem
573 2378 650 2437 poe-
691 2359 716 2419 it
745 2352 879 2433 populus
906 2348 1018 2410 mulica
1055 2353 1186 2408 maxime

157 2465 209 2511 tae
231 2457 346 2533 patrius
367 2474 440 2537 ager
463 2460 569 2517 notior
590 2454 650 2519 elle
692 2456 911 2530 delectaretur3
941 2451 1004 2532 ipsa
1027 2456 1122 2512 etiarn
1143 2451 1187 2510 le·
1216 2439 1218 2442 ’

158 2552 285 2628 debuit,
303 2572 442 2636 qnamvt
456 2560 489 2620 in
504 2556 565 2617 boe
579 2580 652 2638 peo-
693 2577 766 2640 gum
784 2554 956 2634 disciplina,
984 2554 1024 2613 ad
1046 2553 1187 2613 mollien-

158 2672 253 2716 caret.
273 2658 469 2719 Maleautem
482 2659 652 2742 biellaplt·
693 2660 750 2719 dot
771 2655 930 2716 hominum
951 2656 1042 2715 nullis
1064 2653 1188 2714 urbibus

160 2758 213 2814 nis
234 2759 432 2819 contunditur
458 2783 527 2821 cum
553 2763 651 2823 altero
693 2760 895 2821 habitantium
914 2778 1033 2829 mores,
1064 2778 1100 2816 ea
1122 2771 1187 2815 ane

160 2856 226 2930 illo,
240 2860 387 2944 mythico,
403 2863 513 2922 Eel.V.
548 2864 652 2945 lpsso·
695 2860 915 2924 erudiebantur
943 2862 1050 2941 pueri;
1091 2859 1188 2918 Erant

162 2975 272 3019 rentes
290 2964 473 3038 aetatibus,
505 2980 538 3025 vt
558 2983 653 3047 poeta
694 2970 798 3046 itaque
814 2942 895 3022 inter
913 2981 967 3022 eos
982 2961 1085 3041 plures
1091 3001 1103 3032 ,
1136 2961 1189 3041 qui

163 3059 253 3132 dixit,
280 3065 372 3127 ambo
391 3066 523 3128 florente
546 3083 653 3128 aetate.
694 3070 729 3127 in
745 3086 781 3126 ea
798 3064 999 3131 excellerent;
1019 3059 1071 3121 Est
1085 3077 1189 3122 tamen

165 3163 196 3222 5.
216 3163 261 3220 Εἰ
275 3182 412 3225 eantare
422 3189 530 3249 pares,
553 3168 581 3231 b.
599 3191 654 3251 pe·
696 3168 792 3227 altera
807 3188 844 3226 ex
859 3180 956 3245 parte,
980 3163 1066 3246 quod
1080 3181 1189 3243 parum

163 3280 213 3328 ree
248 3269 419 3337 cantando.
466 3288 499 3332 et
526 3289 654 3354 vterque
696 3270 863 3330 conuenire
883 3267 1020 3339 videtur,
1067 3284 1136 3324 cum
1156 3267 1192 3325 in

79 3365 81 3370 ’
163 3364 334 3428 nmoebaeo
343 3374 474 3432 carmine
483 3373 655 3453 praestans3
696 3390 771 3452 agro
797 3370 969 3428 Mantuano
1000 3387 1030 3427 v.
1071 3386 1119 3426 ra.
1152 3367 1191 3430 13

164 3461 227 3523 boc
261 3468 401 3547 exprellit
435 3492 575 3556 paratus
615 3476 654 3536 ad
696 3473 741 3532 illi
763 3492 869 3554 greges
890 3467 1014 3550 pascere
1034 3466 1189 3527 dicanmr.

164 3566 435 3648 respondendum,
458 3579 542 3658 quod
562 3582 595 3637 in
614 3599 654 3637 eo
695 3575 882 3635 Alterutrum
904 3573 996 3652 igitur
1009 3587 1052 3629 ne
1073 3590 1192 3630 memo·

164 3664 281 3748 genere
298 3669 505 3735 difficillimum
520 3673 571 3737 est.
595 3680 657 3738 Ne.
696 3692 788 3752 raret,
809 3690 904 3757 poeta
922 3691 1032 3731 cauere
1045 3670 1190 3731 debebat.

163 3767 438 3846 metEc1.11,16
459 3779 554 3838 antbo
571 3801 655 3840 aeuo
760 3781 790 3841 6.
815 3773 957 3858 defendo
992 3795 1016 3832 a
1042 3773 1190 3852 frigore,

166 3885 333 3954 cantuque
367 3895 474 3955 paros.
539 3882 657 3943 Similes
697 3881 836 3952 vindico,
872 3875 1007 3960 tegendo
1032 3895 1084 3935 eae
1119 3873 1193 3935 stra·

166 3973 246 4035 adeo
261 3978 301 4048 ii,
329 3981 382 4058 qui
402 3998 486 4039 nunc
499 3980 581 4042 Italis
595 3988 658 4043 lm·
697 3987 792 4055 mine,
815 3980 968 4041 sarmentis
983 3993 1042 4038 etc.
1051 4021 1062 4051 ,
1083 3997 1127 4038 ne
1142 3979 1195 4038 fri-

162 4080 262 4158 provr'
275 4080 363 4136 atori
379 4078 528 4141 dicuntur.
561 4085 656 4166 Quod
698 4105 771 4167 gora
797 4099 930 4143 urantur.
990 4080 1053 4139 Sed
1078 4078 1130 4140 bic
1159 4101 1196 4141 ea

164 4201 240 4244 vero
251 4180 403 4244 Arcades
415 4181 507 4247 ambo
519 4184 587 4248 lunt
593 4230 604 4262 ,
623 4189 655 4251 id
698 4183 858 4252 difficultas
888 4190 948 4247 iam
978 4185 1113 4266 antiquie
1148 4184 1196 4260 (v.
