2692 4914
234 355 285 447 94
438 345 482 418 P.
502 330 756 443 vinoun
786 343 1050 421 MARoms

234 531 403 596 aetatibus
423 529 541 611 nostris
567 534 636 593 viri
655 531 747 594 docti
764 533 905 617 sequuti
924 534 1010 612 sant
1036 529 1192 615 plerique
1214 549 1287 589 om·

237 662 306 718 nes,
344 638 388 700 de
409 641 469 700 via
490 662 533 701 ae
553 644 685 701 ratione
706 654 839 701 tantum
849 641 1011 720 solliciti,
1048 658 1116 722 qua
1135 634 1290 697 recondi·

238 765 309 812 tum
329 746 519 808 huiusmodi
544 749 742 808 vaticinium
767 745 816 806 ad
837 746 1006 808 Romanos
1026 745 1207 828 peruenire
1225 765 1291 826 po-

239 856 350 918 tuerit.
409 853 499 915 Vide
531 855 684 938 inprimii
712 853 892 916 Chandler's
923 853 1128 922 Vindicetion
1163 850 1205 911 of
1235 847 1292 910 the

237 959 375 1024 Delense
396 960 432 1022 of
448 957 645 1046 Christianity
661 960 753 1024 Book
771 965 817 1031 II,
841 961 891 1027 alt,
914 977 957 1029 2,
965 960 1051 1038 fiet.
1069 979 1101 1026 2,
1129 970 1164 1015 et
1187 957 1223 1016 T.
1244 957 1291 1016 II.

239 1065 404 1148 Postscript
422 1088 455 1145 p.
474 1072 527 1146 44
549 1065 718 1129 Whiston's
738 1068 946 1149 supplement
973 1081 1007 1128 to
1036 1063 1088 1127 the
1115 1063 1218 1127 literel
1241 1086 1294 1124 ec·

241 1173 480 1259 complishment
504 1172 541 1232 of
564 1174 721 1255 Scripture
751 1172 939 1257 Prophecies
965 1194 1000 1254 p.
1026 1180 1069 1254 94
1096 1173 1151 1254 sq.
1204 1172 1294 1233 cud-

240 1279 342 1344 worth
372 1277 507 1365 Systeme
535 1278 687 1340 Intellect.
718 1302 744 1342 c.
770 1281 838 1354 IV,
868 1283 909 1357 „ss
940 1283 989 1343 16.
1041 1278 1147 1339 Certis
1175 1293 1295 1338 tamen

242 1407 355 1447 rerum
374 1387 580 1465 argumentis
599 1383 788 1464 destituitur
809 1383 871 1464 esta
899 1387 1031 1468 opinio;
1067 1387 1223 1468 quamuis
1250 1406 1296 1443 ea

242 1492 357 1554 multis
376 1492 454 1552 aliis
471 1495 631 1553 exornari
643 1488 756 1576 poffit,
787 1514 918 1576 quaea
935 1495 1019 1552 viris
1046 1491 1153 1553 doctis
1181 1494 1296 1552 asinus

242 1597 483 1690 animaduersa
492 1600 587 1678 fiant.
633 1600 704 1673 Sic,
736 1587 768 1660 o.
789 1621 817 1660 c.
840 1621 859 1658 e
877 1599 1004 1682 Ioseplt.
1024 1597 1107 1665 Ant.
1129 1598 1217 1668 XV,
1243 1602 1298 1666 13,

244 1709 304 1792 qui
317 1704 487 1766 Herodem
509 1727 621 1786 regem
637 1705 798 1767 Pollionis
818 1705 959 1789 ltcsspitio
983 1720 1017 1765 et
1032 1708 1185 1774 amicitia
1198 1705 1297 1783 ustam

244 1811 309 1894 effe
328 1827 502 1882 memorat,
521 1813 676 1894 colligere
694 1813 816 1896 aliquis
830 1810 938 1893 poffit,
959 1812 1003 1871 ab
1022 1810 1158 1873 Herode
1167 1811 1297 1894 facile,

245 1919 391 1998 Virgilio
409 1921 605 2004 praesente,
650 1920 799 1980 Pollioni
826 1917 869 1978 de
896 1917 1012 1998 Meffia
1040 1921 1196 1994 narrari,
1231 1933 1298 1978 aut

243 2026 423 2086 Nicolaum
443 2027 709 2105 Damascenum,
740 2023 877 2085 doctum
897 2025 1081 2100 bominem,
1115 2027 1211 2086 attius
1232 2028 1297 2086 mi·

243 2129 377 2209 nisterio
398 2132 550 2191 Herodes
571 2134 647 2210 osus
668 2132 731 2210 esi,
764 2130 916 2212 Augusto
936 2153 1131 2213 percarum,
1169 2131 1215 2192 de
1239 2137 1297 2192 Iu·

244 2235 406 2297 dacorum
423 2239 632 2321 opinionibus
647 2261 906 2298 commemorare
916 2239 1067 2320 potuiffe,
1091 2254 1125 2298 et
1139 2238 1179 2298 id
1189 2261 1298 2319 genus

243 2343 324 2410 alia.
366 2346 560 2414 Enimuero,
584 2349 773 2428 quicunque
784 2345 921 2425 sensnm
936 2348 1163 2407 Romanorum
1186 2361 1220 2404 et
1245 2349 1298 2403 in-

242 2455 379 2532 genium
400 2452 457 2510 vel
477 2472 497 2510 e
518 2452 700 2535 longinquo
724 2456 885 2536 inspexit,
904 2453 1015 2534 facilc
1038 2451 1182 2520 tenebit,
1211 2474 1298 2510 nun-

245 2579 348 2644 quam
373 2556 575 2618 Iudaeorum
606 2574 737 2620 tantam
765 2563 1003 2620 auctoritatem
1032 2580 1074 2618 ac
1096 2557 1205 2639 fidem
1234 2573 1298 2618 aut

233 2665 342 2747 frti'ffe
356 2674 418 2723 aut
431 2664 494 2745 effe
511 2667 653 2748 potuiffe
672 2667 766 2750 apud
778 2670 961 2739 Romanos,
984 2666 1080 2743 longe
1099 2666 1178 2724 aliis
1189 2665 1282 2742 serfi

242 2771 317 2839 bus,
339 2770 571 2851 religionibus,
598 2772 731 2832 iudiciis
744 2773 897 2848 imbutos,
918 2789 956 2831 ot
969 2770 1105 2848 istorum
1120 2774 1296 2852 opiniones

239 2877 375 2963 publice
388 2876 606 2939 admitterent
622 2895 656 2938 et
668 2879 871 2941 carminibus
884 2879 1100 2940 celebrarent.
1136 2877 1296 2941 Meminit

234 2982 482 3067 strperflitiouis
508 2985 669 3048 Iudaicae
693 2988 879 3049 Horatius:
912 3006 1029 3047 veram
1055 2998 1094 3044 vt
1121 3004 1199 3044 eam
1227 2989 1296 3044 riu

244 3091 448 3178 exploderet.

332 3266 381 3327 Vt
407 3265 524 3325 ordine
545 3284 707 3347 agamus:
735 3270 909 3331 videamus
925 3269 1036 3351 prime
1056 3265 1147 3340 loce,
1189 3265 1296 3349 quod·

245 3390 324 3430 nam
340 3374 497 3431 carminis
512 3392 746 3453 argumentum
755 3375 803 3453 fit
819 3399 883 3459 per
894 3379 937 3456 se
946 3376 1104 3458 spectati.
1149 3373 1295 3434 Carmen

244 3477 433 3537 bucolicum
448 3478 496 3538 ad
509 3481 697 3559 Consulem,
719 3502 816 3565 quem
831 3504 862 3546 v.
882 3505 916 3544 11
934 3483 1110 3543 Pollionem
1124 3484 1293 3556 nominat,

232 3584 277 3663 se
296 3585 489 3660 exorsttrum
512 3587 575 3668 effe
593 3589 773 3671 profitetur
791 3592 913 3649 Maro:
945 3590 1046 3650 1-5.
1103 3588 1177 3665 Agt
1200 3592 1292 3648 nunc

242 3690 395 3749 ultimam
409 3707 554 3752 aetatem
567 3716 590 3752 a
607 3696 730 3775 Sibylla
746 3711 988 3757 memoratam:
1015 3691 1099 3752 Inde
1112 3693 1291 3769 restitutio·

241 3817 318 3855 nem
333 3818 443 3856 rerum
457 3801 493 3857 in
509 3798 682 3880 pristinam
693 3803 842 3882 faciem,
870 3794 1134 3871 circumimus,
1163 3822 1289 3861 nouum

230 3904 447 3982 saeculorum
462 3904 629 3982 ordinem,
652 3930 777 3969 nouam
789 3911 960 3971 bominum
971 3908 1189 3989 progeniem,
1221 3929 1290 3967 me·

239 4013 332 4072 lioris
347 4015 471 4070 aetatis
485 4014 603 4081 vitam,
622 4015 768 4077 ltumano
787 4020 905 4096 generi
925 4013 1110 4074 redituram
1133 4014 1197 4094 effe
1207 4036 1293 4097 pro·

238 4121 392 4186 nuntiat:
422 4117 523 4201 idque
545 4137 741 4183 euenturum
763 4123 826 4206 effe
846 4134 954 4208 puero
974 4121 1087 4203 aliquo
1110 4136 1215 4190 nato,
1249 4125 1296 4180 ira

234 4225 395 4287 Pollionis
409 4225 545 4310 quidem
562 4228 741 4308 Confitlatn
755 4240 887 4312 4-14,
931 4230 992 4291 Ille
1012 4226 1200 4311 adscriptus
1219 4234 1304 4289 eric
