2700 4906
508 134 549 193 *u

152 314 229 437 530
355 348 399 419 r.
424 342 670 420 vutetuu
699 336 966 416 Mtuoms

156 537 366 636 Conripuit.
391 529 567 604 Gaudent
581 522 716 627 perfufi
733 522 908 624 sanguine
923 523 1097 622 fratrum,
1123 528 1188 602 διο

154 671 369 769 Exfilioque
396 666 529 740 domus
560 680 598 734 et
628 659 752 733 dulcia
779 659 909 732 limina
938 681 1102 756 mutent,
1160 657 1161 660 '

156 810 282 904 Atque
304 801 377 874 elio
402 803 559 900 patriam
586 810 771 895 quaerunt
797 792 860 867 sub
892 792 971 869 sole
1000 801 1187 873 iacentem.

157 934 331 1037 'Agricola
356 939 515 1007 incuruo
541 948 678 1002 terram
705 926 864 1000 dimouit
887 948 1037 1002 aratr02

158 1075 258 1146 Hinc
272 1072 361 1141 anni
374 1064 499 1152 labor3
525 1063 613 1136 hinc
629 1065 785 1162 patriam
798 1087 1022 1164 paruosque
1041 1081 1187 1165 nepotes

227 1282 278 1335 510
297 1280 438 1347 Corripit:
464 1275 495 1328 kt
514 1275 643 1348 gaudent
662 1274 784 1328 emendet
796 1273 972 1328 Marklaudue
991 1276 1028 1330 ad
1044 1279 1120 1334 Statii
1130 1277 1185 1332 sila

159 1366 206 1424 ΠΙ,
222 1382 248 1426 2,
262 1365 305 1423 61,
332 1380 386 1414 uon
401 1358 473 1434 quod
488 1363 515 1413 in
530 1362 667 1433 praeterito
683 1377 800 1432 tempore
813 1357 1018 1426 offendebatur,
1036 1379 1064 1418 rt
1077 1365 1190 1417 Burman·

159 1459 211 1500 nus
231 1445 357 1518 putabat,
396 1445 439 1498 sed
465 1447 537 1518 quod
561 1464 616 1497 non
636 1444 706 1506 sunt,
745 1445 779 1497 td
797 1463 864 1518 quot
884 1445 981 1498 resera·
1006 1449 1043 1504 w*
1060 1447 1185 1520 gaudent

156 1531 218 1584 Nec
238 1546 326 1583 tamen
346 1534 400 1585 altr
418 1529 541 1583 subiicere
559 1527 618 1598 post
637 1530 766 1602 superiora
784 1547 800 1581 a
815 1528 886 1582 versu
910 1529 974 1582 inde
994 1534 1047 1588 503
1071 1533 1188 1586 adeodu·

157 1634 217 1668 rum
237 1614 293 1668 est.v
331 1614 388 1688 lpl'e
407 1616 574 1668 Burmannua
595 1616 727 1685 Corrupit
748 1614 926 1675 coniectabatt
965 1617 1057 1672 minua
1083 1617 1188 1671 feliciter.

151 1701 299 1772 sanguina
315 1714 428 1770 patrum
449 1699 490 1752 ed.
510 1699 633 1752 Norimb.
702 1702 750 1753 511
770 1698 870 1752 domus
890 1698 945 1751 duo
964 1702 1039 1772 apud
1062 1705 1149 1757 Burm.
1168 1717 1188 1756 et

160 1801 268 1856 vterque
283 1784 367 1839 Goth.
404 1787 512 1838 Iumina
525 1783 627 1837 zulich.
696 1786 747 1838 513
766 1796 869 1837 terram
889 1785 1008 1840 molitus
1030 1805 1129 1842 aratro
1142 1789 1189 1843 Me·

160 1870 250 1923 diceus
274 1887 300 1923 et
314 1869 404 1924 Celet.
419 1868 520 1935 Vrfiui;
553 1867 620 1921 forte
636 1887 667 1921 ex
680 1868 776 1940 Georg.
793 1872 812 1931 1,
825 1879 885 1940 494.
929 1870 1062 1926 demour't
1080 1874 1151 1928 Leia
1169 1887 1190 1927 tt

160 1954 293 2011 Rotteud.
357 1957 408 2020 514
420 1971 583 2024 paruosque
599 1967 717 2022 penates
730 1953 873 2016 Mediceut,
895 1956 968 2028 quod
986 1957 1106 2028 impense
1118 1960 1190 2030 place

160 2039 207 2093 brt
221 2037 345 2097 Heiufio;
365 2037 511 2091 dummodo
525 2056 579 2090 uon
593 2056 616 2088 v.
631 2039 681 2090 505
698 2039 868 2111 miserosque
882 2057 1006 2111 penates
1020 2043 1190 2098 anteceffiffet

159 2122 255 2178 Malim
277 2121 375 2192 alioqui
396 2138 422 2175 et
439 2121 491 2193 ipse
502 2130 514 2173 :¹
544 2128 669 2190 patrtam
698 2123 833 2194 (adeoque
853 2125 1010 2197 publicum)
1040 2148 1192 2201 paratorque

160 2211 299 2268 Petram,-
337 2205 396 2258 satia
424 2221 493 2257 recte
521 2203 572 2256 dici
596 2203 682 2276 potest
702 2207 828 2276 agricole,
863 2212 929 2262 tueri
949 2228 977 2264 et
998 2213 1071 2268 alere
1092 2215 1191 2269 demun

160 2311 191 2345 ac
215 2289 348 2342 familiam.
384 2291 417 2342 Et
436 2288 607 2348 iuf.1V,155
636 2291 673 2340 Et
691 2299 815 2360 patriam
825 2292 914 2361 solae
935 2310 962 2346 et
983 2315 1080 2353 certos
1097 2319 1191 2353 noum

159 2389 286 2448 penates.
328 2370 396 2426 tdd.
415 2373 483 2426 Ciris
505 2375 556 2441 418
574 2387 600 2424 et
620 2373 672 2426 alii.
720 2375 789 2427 Sane
808 2393 993 2448 permutantur
1010 2379 1067 2437 fere
1083 2401 1191 2458 pom

105 2558 110 2569 ⁵
204 2573 384 2636 510-512.
408 2568 565 2631 Gaudent
581 2593 659 2653 per·
699 2605 742 2625 -
786 2573 941 2635 Crudeles
971 2583 1128 2658 gaudent
1159 2587 1189 2645 ia

152 2676 226 2754 fufi
244 2674 413 2753 sanguine
428 2674 589 2752 fratrum.
626 2669 655 2732 lt.
700 2675 783 2751 cristi
834 2679 962 2755 srmere
1019 2686 1189 2763 fratrum:

160 2799 188 2837 e.
214 2776 351 2859 gaudent
366 2777 417 2836 alii
432 2776 593 2855 perfundi,
620 2797 656 2835 ex
699 2798 792 2858 quem
825 2776 875 2838 hic
911 2783 1089 2862 expreffum
1121 2786 1187 2862 effa,

164 2896 276 2962 graeco
295 2900 392 2939 more.
434 2878 483 2936 Ad
498 2892 656 2937 veteranos
699 2883 759 2937 iam
792 2901 809 2939 a
839 2883 1005 2946 Macrobio
1043 2896 1187 2951 monitum

161 2996 264 3040 autem
307 2995 339 3041 et
385 2994 502 3039 ceteros
543 2979 656 3051 refero,
698 2982 758 3044 Set.
781 2983 894 3055 v1,·2.
958 2989 1035 3048 511.
1063 2991 1186 3067 Exstlt'o,

163 3083 275 3164 quibus
295 3079 431 3161 promiffi
448 3101 504 3159 per
517 3079 597 3139 bella
615 3085 656 3139 ci·
698 3083 818 3143 durnin
837 3085 974 3146 colonias
991 3089 1184 3155 deducuntur.

159 3185 231 3241 vilia
253 3181 338 3266 (ltitic
352 3180 656 3262 perfufisangnine
696 3188 769 3246 512.
798 3187 1048 3253 Ferevtflorat.
1064 3197 1140 3257 illud
1151 3197 1182 3268 11,

150 3285 332 3364 fratrum)
376 3286 440 3363 agri
468 3280 655 3363 effignaban·
701 3290 754 3360 16,
789 3290 826 3350 18
871 3289 962 3372 Quid
988 3309 1099 3358 terras
1125 3301 1182 3358 alio

159 3400 226 3464 tur;
252 3389 293 3442 ita
313 3404 382 3444 cum
403 3382 548 3464 sequente
569 3385 654 3445 versu
696 3389 838 3446 calentes
874 3391 952 3467 sole
1000 3401 1180 3460 mutamur?

160 3486 325 3545 sententiat
366 3499 430 3543 arte
474 3490 652 3548 coniunctas
694 3491 746 3551 Sol
765 3512 822 3570 pro
845 3495 947 3568 caelo,
987 3502 1059 3579 plus
1075 3507 1176 3562 miuus·

160 3583 221 3645 effe
238 3585 355 3646 videas:
380 3587 492 3645 relictis
507 3594 584 3669 egris
598 3611 652 3668 pe·
694 3613 731 3651 ve
746 3613 782 3651 ex
796 3593 874 3667 sole,
895 3604 1046 3678 propiore
1068 3604 1120 3666 seu
1137 3625 1176 3666 re·

157 3689 221 3746 triis
246 3702 276 3745 et
298 3686 362 3747 [olo
383 3689 475 3748 natali
494 3695 527 3748 in
550 3692 650 3751 aliena
692 3698 840 3765 moliore,
864 3699 995 3765 calente.

157 3789 295 3868 praedia,
325 3790 386 3851 alio
405 3790 458 3850 sub
479 3793 565 3887 cpelo
585 3791 648 3867 fita,
733 3800 910 3862 513-531.
934 3805 1113 3870 Suauiffima
1127 3808 1173 3869 bo-

155 3892 339 3973 immigrent.
391 3895 525 3953 Lucretii
548 3895 648 3956 versus
687 3916 810 3970 norum,
832 3920 910 3981 quae
927 3909 987 3965 vita
1002 3907 1109 3971 rustica
1129 3910 1173 3970 ha·

154 3989 222 4053 sunt
244 3994 304 4064 111,
325 4017 366 4073 70
401 3997 488 4086 Dum*
506 3994 646 4058 homines
687 3999 751 4071 bet,
774 4002 944 4083 descriptio.
995 4013 1068 4091 514
1087 4013 1172 4072 labor

151 4111 367 4174 paupertatem
387 4099 525 4180 fugiunt,
564 4103 643 4159 San·
687 4107 780 4172 anni,
803 4127 860 4185 per
873 4127 989 4170 annum
996 4156 1006 4185 ,
1043 4134 1170 4174 annuum

148 4200 250 4272 guina
277 4193 370 4260 ciuili
397 4191 466 4261 rem
494 4203 642 4284 constant
684 4229 762 4290 opus
788 4207 905 4299 rustici}
958 4234 1045 4279 nunc
1076 4233 1166 4279 tamer
