2692 4914
814 229 818 237 .
930 90 1024 295 u

266 340 616 416 GEORGICON
647 322 742 410 LIB.
764 338 792 427 1,
810 333 1019 409 uae-225
1098 336 1168 410 331

147 532 290 607 Debita
312 554 425 629 quam
442 526 544 601 sulcis
559 527 755 599 conmittes
772 519 923 612 semina,
950 547 1140 625 quamque

147 673 296 741 inuitae
319 686 498 763 properes
520 665 607 732 anni
628 657 728 758 spem
744 655 898 731 credere
916 673 1046 730 terrae.

146 800 262 878 Multi
301 814 390 870 ante
435 790 620 869 occasum·
641 795 764 865 Maiae
801 814 977 888 coepere:
1037 788 1099 865 sed
1134 792 1174 865 il·

764 923 824 996 los
1075 925 1171 1000 ·225

216 1105 268 1158 223
287 1118 457 1174 quamquam
469 1098 567 1153 Moret.
583 1095 631 1150 icc.
699 1102 752 1163 ²²4
768 1083 888 1148 caedere
900 1093 997 1149 Medic.
1017 1095 1068 1152 vid.
1083 1099 1172 1155 Burm.

144 1197 276 1263 properIr
294 1184 366 1241 Gud.

145 1346 231 1402 vium
259 1341 316 1399 viri
339 1337 422 1397 docti
444 1335 573 1406 tollunt,
610 1344 644 1391 vt
683 1335 861 1394 mocriteam
889 1337 1040 1398 rationem
1070 1337 1176 1422 seque·

145 1441 265 1505 stellam
303 1443 377 1500 oriri
420 1451 453 1497 et
486 1452 642 1514 emergere
684 1431 790 1504 batur,
823 1455 916 1517 quam
939 1437 1070 1501 seruauit
1090 1443 1174 1503 Geo.
1230 1424 1233 1432 ’

145 1541 267 1603 heliaee
303 1560 370 1600 non
406 1539 495 1597 aliter
529 1535 642 1605 dicent,
684 1539 867 1614 punicorum
890 1554 996 1599 auctor
1019 1561 1056 1599 ex
1076 1542 1175 1629 Didy-

145 1664 240 1729 quam
255 1639 457 1701 vtrecedata
477 1638 559 1709 sole,
588 1633 643 1694 de·
684 1631 915 1717 moltb.11,14
941 1634 1122 1726 Δημόκριτος
1143 1647 1176 1712 δὴ

147 1743 259 1812 cedat,
289 1764 352 1825 quo
376 1741 474 1800 videri
495 1745 555 1799 iam
576 1758 643 1800 uon
684 1733 813 1821 φυσικήν
856 1762 922 1820 τινα
972 1739 1176 1830 παρατήρησιν

146 1844 257 1929 poffit:
287 1861 319 1903 vt
337 1844 416 1906 adeo
438 1841 595 1902 decedere
611 1838 641 1899 h.
684 1836 878 1924 παρνδιδοὺς,
925 1847 996 1929 περ)
1032 1841 1086 1929 τήν
1122 1849 1176 1914 τοῦ

147 1951 170 2010 l.
194 1964 297 2010 ortum
319 1944 476 2028 designet<
521 1949 561 2006 At
583 1942 644 2004 hoc
685 1936 844 2021 Στεφάνου
903 1939 1038 2023 μάλιστα
1094 1945 1176 2017 δύσιν

148 2051 184 2112 fu
216 2053 316 2109 iuuito
356 2048 503 2109 sermonis
540 2048 642 2128 genio.
684 2043 818 2129 σπείρειν
838 2045 1105 2128 σνμβονλεύεν·-
1125 2044 1176 2139 ἅμ.

147 2155 228 2212 Nam
249 2166 401 2232 perpetuo
422 2149 474 2209 vsu
495 2146 644 2230 loquendi
685 2170 777 2228 χετνιι
814 2149 846 2212 δὲ
873 2144 910 2218 eie
943 2145 995 2214 dari
1026 2149 1061 2218 τδ
1095 2152 1175 2223 «ολδ

147 2254 244 2324 fidus,
273 2253 359 2336 quod
381 2256 493 2324 oritur,
514 2249 644 2327 subire,
686 2247 704 2333 ἦ
736 2247 789 2313 τοῦ
823 2245 982 2329 Στεφάνου
1022 2249 1101 2328 iricio
1141 2265 1176 2324 dv
1275 2301 1278 2307 .

140 2354 344 2437 fiacr-edere,
380 2357 424 2414 vti
458 2340 645 2430 ascendere,
686 2354 744 2421 τοῖς
765 2347 844 2415 uerti
863 2353 999 2439 Φοινίκην
1018 2351 1177 2449 rixetur?

151 2478 330 2536 emergere,
358 2457 483 2518 dicitur:
510 2474 577 2514 uon
594 2473 644 2513 ve·
685 2447 743 2536 τρδ
768 2447 849 2517 irrui
877 2457 1032 2522 καλανδῶν
1059 2463 1176 2542 Arrept-

149 2583 188 2623 το
204 2557 371 2618 decedere.
415 2560 539 2618 Poterat
561 2575 645 2614 com·
685 2546 779 2638 sspluu
798 2570 855 2616 etc.
911 2559 1055 2622 Dubitari
1081 2567 1176 2646 igitur

149 2664 293 2722 mentarii
315 2662 385 2720 loco
407 2657 466 2720 effe
489 2654 645 2717 Coiumel·
685 2662 804 2738 nequit,
831 2659 916 2739 quod
934 2661 1005 2735 dixi,
1034 2683 1178 2728 emente

150 2765 200 2826 lae
220 2767 347 2823 imitatio
371 2760 423 2821 lib.
439 2762 486 2832 X,
509 2761 550 2821 52
581 2759 645 2817 Ex·
686 2759 805 2839 Virgilii
845 2762 984 2823 occidere
1021 2765 1178 2829 Coronam

149 2880 302 2951 pectetur
321 2864 440 2930 hiems,
469 2861 548 2919 dum
565 2863 646 2919 Bac·
686 2860 739 2920 sub
777 2866 889 2921 exitum
925 2854 1116 2928 Nouembrir
1145 2885 1178 2931 et

152 2970 209 3030 clai
225 2964 362 3039 Gnosius
376 2962 479 3024 ardor
489 2963 646 3045 Aequore
687 2966 823 3042 praecipi
856 2961 909 3022 sub
945 2963 1021 3026 istud
1057 2984 1177 3051 tempus

152 3070 306 3131 caeruleo
340 3067 478 3138 celetur,
523 3066 647 3122 vertice
688 3068 777 3124 tritici
791 3063 946 3129 sationem.
989 3072 1038 3131 23.
1053 3079 1101 3148 24.
1118 3072 1178 3130 Or.

152 3170 271 3234 mundi
294 3168 343 3246 (h.
365 3171 514 3248 vertigine
536 3181 568 3226 et
592 3169 647 3224 cir·
688 3165 828 3228 uatissimi
842 3169 956 3229 versus!
974 3172 1101 3229 inuitae
1117 3187 1199 3235 tem,

151 3278 347 3337 cumactione
366 3271 477 3349 caeli),
513 3270 596 3329 Solis
614 3282 648 3327 et
688 3289 751 3339 rae,
773 3270 1023 3352 quandoquidem
1038 3278 1178 3338 erutione

151 3376 312 3453 aduersos
334 3386 482 3431 metuant
500 3371 647 3430 Atlanti·
687 3369 853 3453 subigenda
874 3371 925 3434 est.

152 3480 214 3541 des
231 3490 342 3537 ortus:
361 3495 425 3557 quo
440 3473 564 3556 quidem
576 3474 647 3534 loco
720 3477 791 3534 225.
803 3480 882 3534 ante
897 3477 1045 3555 oocasum
1053 3480 1178 3550 Maiae,

154 3601 216 3663 pro
244 3579 368 3636 celetur
396 3577 508 3659 legitur
531 3578 649 3635 celere·
690 3573 720 3637 h.
741 3577 916 3651 Pleiadum,
947 3579 1096 3663 equibus
1117 3601 1179 3641 vna

155 3699 232 3751 tur,
261 3694 435 3748 carneum,-
479 3678 580 3739 nullus
606 3694 650 3737 ta·
690 3679 774 3738 Maia
797 3677 847 3740 est.
889 3681 937 3742 ad
954 3702 1019 3742 rem
1033 3681 1180 3763 Xenoph.

153 3805 231 3848 men
251 3782 359 3844 dubito
383 3779 506 3840 celetur
524 3779 566 3839 ibi
591 3776 650 3840 ess‘e
692 3781 864 3847 Oeconom.
887 3805 912 3843 c.
927 3784 1032 3855 XVII,
1048 3805 1077 3843 α.
1104 3784 1182 3846 ·Co·

155 3907 262 3949 veram
282 3885 447 3944 lectionem
472 3903 509 3943 ex
531 3883 652 3965 Virgilii
691 3883 813 3944 lumella
829 3886 885 3958 XI,
901 3908 930 3959 2,
945 3889 986 3950 80
1015 3886 1118 3946 Vetus
1138 3880 1183 3961 est
1263 3871 1268 3883 ’

155 3990 331 4051 imitatione
359 3985 544 4066 profectam,
583 3987 652 4046 Vir·
692 3988 913 4064 agricolarum
947 3987 1180 4069 prouerbium,
1249 4058 1253 4073 Ι

154 4091 265 4173 gilium
292 4103 396 4148 autem
424 4092 458 4148 in
487 4107 652 4152 erroneum
693 4090 864 4152 Matutam
888 4090 1056 4170 sationem
1077 4089 1183 4169 saepe
1298 4082 1304 4093 '

157 4192 312 4254 calculum
326 4185 480 4267 incidiiie,
504 4193 578 4256 dum
589 4195 653 4258 De·
694 4191 845 4275 decipere
888 4192 1018 4269 solere,
1070 4190 1185 4271 seram
