2692 4914
263 185 269 195 ”
385 176 408 227 0

122 270 128 276 ’
209 314 505 391 ΒνοοιιοΑ
530 306 653 393 nur.
679 315 792 409 rur,
814 317 858 392 18
879 316 973 392 -30
1058 319 1123 394 181

77 505 211 602 Incipe
222 500 433 576 Maenalios
456 529 622 597 meeum,
653 531 738 582 mea
751 504 856 597 tibia,
884 505 1014 581 versus.
1069 505 1116 581 25
1208 528 1212 536 ·

73 635 209 737 Mopso
234 633 320 709 Nisa
342 635 466 710 datur:
509 639 600 744 quid
623 665 700 713 non
714 639 900 744 speremus
921 638 1113 714 amantes?
1165 709 1173 719 .

70 775 281 871 Iungentur
301 775 375 842 iam
396 772 553 877 gryphes
579 780 703 879 equis3
745 799 919 878 aeuoque
943 772 1110 875 sequenti

71 909 167 979 Cum
187 903 348 980 canibus
368 907 489 984 timidi
510 915 658 985 venient
682 909 731 982 ad
752 906 891 1010 pocula
914 907 1057 984 darnae.

67 1039 217 1140 Mopse,
254 1064 373 1112 nouas
395 1041 522 1116 incide
544 1041 663 1119 sucosa
694 1042 762 1117 tibi
783 1042 932 1116 ducitur
951 1066 1055 1114 vxor.

65 1180 227 1285 Sparge,
272 1179 424 1269 marite,
464 1201 600 1252 nuces:
659 1176 726 1251 tibi
759 1175 892 1252 deserit
923 1173 1104 1275 Hesperus

689 1314 837 1392 Oetam.
1051 1311 1101 1392 30

127 1510 163 1564 26
172 1508 330 1583 speramus
346 1510 446 1566 Mureti
466 1530 505 1584 pr.
539 1510 706 1582 spernamus
723 1509 796 1565 Vols.
840 1513 912 1582 quid
935 1533 988 1566 nos
998 1513 1098 1586 speta-

59 1616 118 1652 ns
140 1593 298 1648 amantes?
328 1596 418 1648 Burm.
440 1595 561 1657 coniicit,
582 1613 607 1650 et
617 1600 655 1650 lo.
672 1598 808 1652 Schrader.
830 1597 901 1667 quid
920 1617 1001 1650 nunc.
1044 1597 1098 1651 Sed

59 1683 161 1735 ultor.
235 1696 271 1748 27
290 1682 451 1752 Iunguntur
469 1683 568 1735 Moror.
582 1702 620 1753 pr.
663 1692 749 1754 tigres
768 1699 816 1753 pro
838 1683 960 1753 gryphes
978 1681 1096 1738 Parthas.

59 1764 275 1840 grypesfledic.
294 1769 402 1836 γρῦπες.
427 1766 566 1836 sequatur
581 1766 654 1821 Laid.
672 1769 705 1822 C.
784 1767 817 1820 28
837 1769 939 1823 tumtdt
957 1765 1026 1821 Voss.
1062 1775 1097 1820 ts·

58 1853 152 1905 ntiae
166 1849 290 1906 Parthas.
304 1851 470 1905 etRottend.
485 1850 534 1906 sec.
547 1854 644 1906 Medic.
667 1870 692 1907 et
710 1853 794 1915 Vem,
826 1850 870 1904 sed
889 1853 941 1903 iarn
962 1849 1095 1907 Charisius

59 1957 136 2009 ‘unns
155 1939 185 1989 in
207 1936 236 1987 h.
258 1933 278 1990 s.
305 1937 417 1992 notnuir.
467 1938 566 1996 timide
590 1939 672 1990 Goth.
693 1937 742 1992 sec.
810 1954 844 2007 ²9
862 1937 910 1991 Vrr
938 1936 1032 1988 doctus
1051 1953 1094 2008 ap.

58 2022 141 2073 lirum
165 2021 334 2077 coniecerat:
362 2020 487 2074 incende
498 2023 602 2095 faces,
633 2025 666 2076 vri
689 2041 714 2077 et
728 2024 756 2076 iu
770 2022 838 2076 cod.
852 2019 1009 2076 Diuiorrenli
1023 2035 1092 2081 eran

57 2109 128 2177 quir,
148 2103 246 2177 sponsa
267 2103 394 2166 deducta,
414 2106 561 2162 incenditur
575 2108 631 2169 sax,
650 2128 705 2161 non
718 2107 848 2162 inciditur.
883 2107 971 2160 Nimia
986 2103 1091 2177 argute!

58 2191 105 2245 set
119 2207 211 2245 tuetur
227 2189 363 2262 vulgarem
380 2191 470 2245 Burro.
539 2195 574 2249 30
591 2202 650 2248 iam
673 2195 776 2266 deserte
795 2194 863 2247 Van.

56 2362 101 2425 sed
115 2384 266 2431 canoros:
289 2363 375 2447 quod
387 2363 450 2424 Ecl.
459 2364 498 2441 11,
510 2368 551 2428 32
599 2371 655 2431 132
665 2367 727 2452 sqq.
749 2367 894 2450 Gryplres
900 2380 994 2448 poeta
1001 2384 1088 2425 nouo

58 2466 125 2525 Pan
145 2468 278 2540 primur
303 2466 450 2526 calamos
474 2489 552 2527 cera
594 2472 735 2551 exemplo
748 2472 884 2540 induxit;
915 2466 1087 2528 fabulosum

58 2573 254 2647 coniungere
269 2569 383 2650 plures
397 2567 551 2646 Instituit.
591 2569 759 2638 monstrum
801 2595 836 2635 ex
882 2566 1087 2650 hieroglypho

58 2669 145 2730 Color
164 2670 252 2730 idem
273 2671 332 2730 Ge.
348 2671 380 2744 Ι,
402 2681 461 2750 124
489 2694 551 2731 neo
592 2674 735 2747 ductum,
757 2675 842 2756 quod
858 2673 896 2733 ad
909 2670 1085 2749 Apollinem

58 2786 183 2838 torpere
217 2774 321 2850 graui
348 2772 459 2853 paffus
481 2775 550 2851 sua
592 2775 755 2856 spectabat.
806 2794 890 2832 aeno
915 2771 1084 2851 sequenti,

60 2893 154 2951 regnu
171 2889 322 2934 veterno.
592 2877 687 2958 simpl.
707 2884 740 2936 in
761 2869 925 2952 posterum.
968 2873 1019 2932 28.
1039 2867 1086 2926 ad

120 2980 169 3039 26.
197 2975 313 3056 Mopso
340 2975 420 3051 Nisa
450 2975 551 3035 datur
589 2980 719 3061 pocula,
743 2975 781 3033 ad
801 2988 921 3052 potum.

64 3072 249 3158 surruptum.
267 3076 350 3159 quid
364 3078 550 3158 nonspere-
635 3100 683 3154 29.
711 3095 815 3134 nouas
842 3071 952 3133 incide
973 3070 1095 3149 faces,'

65 3194 291 3243 autumantes
304 3179 341 3239 sc.
357 3179 424 3238 sieri
443 3178 548 3260 posse?
590 3175 687 3240 incisu
703 3177 792 3258 lignis
807 3196 882 3257 para
898 3173 1017 3246 taedas,
1046 3172 1085 3231 ad

65 3279 129 3343 nihil
148 3302 216 3342 non
232 3302 316 3342 nunc
337 3297 496 3361 expectare
513 3282 548 3340 li·
589 3301 705 3341 nouam
725 3294 855 3359 nuptam
879 3278 1006 3337 domum
1029 3275 1084 3334 du-

10 3372 12 3481 p
67 3398 113 3443 tet
179 3386 299 3444 Omnia
329 3405 418 3440 nunc
449 3383 547 3462 flent,
591 3382 729 3445 cendam.
787 3379 958 3462 Epitheton
977 3396 1083 3437 nonas

10 3525 12 3537 ·
59 3483 125 3561 fieri
148 3506 237 3569 quae
259 3488 350 3568 poffe
380 3504 547 3560 negaram.
591 3501 681 3548 ornat
695 3483 897 3564 fimpliciter.-
921 3486 971 3547 (lo.
987 3483 1085 3562 Span-

55 3587 182 3663 sperare
202 3587 340 3670 generali
354 3592 494 3658 notione,
515 3603 549 3647 vt
587 3610 642 3666 ge,
664 3590 802 3656 marite,
822 3607 936 3658 nuces,
963 3587 1016 3665 qui
1031 3603 1085 3641 arr·

59 3689 208 3754 ἕλησθαι
222 3711 282 3770 pro
296 3686 425 3754 οἴεσθαι.
457 3689 548 3751 Dicta
590 3696 692 3773 tiquus
720 3694 754 3750 in
782 3691 900 3769 nuptiis
927 3687 1086 3748 Rornano-

57 3788 127 3853 ltnec
158 3813 229 3853 cum
264 3790 480 3872 indignatione
519 3807 549 3850 et
590 3815 657 3853 rum
674 3814 741 3854 nros
753 3808 834 3853 erat:
858 3809 990 3870 eumque
1006 3786 1085 3847 adeo

53 3894 161 3958 dolore
205 3894 303 3955 videri
340 3889 481 3972 possunt,
516 3909 549 3953 vt
590 3911 685 3976 poeta
698 3895 738 3956 ad
749 3892 903 3975 pastorum
917 3895 1010 3952 vitam
1025 3904 1086 3947 tra·

48 3998 99 4058 illa
111 4020 142 4058 v.
159 4000 220 4072 50,
249 3999 342 4056 etiam
358 4016 427 4056 cum
441 3983 550 4057 sareas:
592 3998 685 4058 duxit.
730 3997 959 4079 spargebantur
983 4006 1087 4051 autern

43 4121 110 4164 nro.
154 4121 206 4180 27.
225 4104 410 4176 Iungentur
434 4119 548 4160 amore.
591 4120 685 4162 nuces
702 4116 801 4182 nupta
824 4105 886 4159 iam
906 4102 940 4155 in
960 4093 1087 4153 domum

44 4203 148 4267 Color
174 4202 286 4265 ductus
310 4222 348 4262 ex
373 4199 506 4264 Theocr.
523 4203 549 4279 1,
593 4220 625 4267 et
643 4203 811 4268 thalamum
826 4201 968 4273 deducta,
995 4193 1088 4253 adeo-
