2692 4914
842 92 854 123 δ

254 323 882 430 nvcon1cnecn.n·1-5
1012 323 1086 397 ,ὦ
1187 298 1191 310 ’

50 530 98 590 cul
112 549 133 588 n
151 528 257 608 patria
271 523 453 604 -Alpines
466 521 504 582 ah
525 522 600 583 dura
618 524 705 581 niues
725 532 757 577 et
776 516 889 598 frigora
911 511 1015 572 Rheni
1032 511 1087 572 Me

48 634 113 696 fine
137 633 206 694 sola
228 631 322 690 vides.
377 631 431 688 Dc
450 649 482 688 v.
505 637 547 707 44
586 627 678 686 Nunc
699 624 818 683 insanus
838 642 925 681 emor
947 621 1014 680 duri
1037 640 1086 681 me

50 744 165 802 Martis
186 743 223 798 in
244 739 335 797 armis
356 734 432 795 Tela
463 738 543 793 inter
569 732 669 792 medie
696 746 788 812 atque
810 726 948 786 aduersos
970 727 1088 787 detinet

52 845 175 924 helles3
215 841 265 903 ad
285 864 312 903 c.
327 841 347 903 1.
370 841 557 898 accuratius
580 834 623 912 est
646 834 859 917 disputatum.
900 832 962 910 loſs
986 832 1087 892 Scali-

49 975 112 1034 ger
132 952 229 1011 hanc
245 948 406 1025 Eclogam
422 947 549 1005 Dorica
569 943 711 1003 dialecto
731 941 860 1021 versam
880 939 1041 1020 orelgauir.

401 1152 721 1184 -aevW

55 1304 302 1433 Extremum
321 1355 440 1447 hunc,
469 1354 659 1447 Arethusa,
687 1355 778 1428 mihi
796 1350 964 1429 concede
983 1326 1088 1428 labo-¹

675 1498 766 1547 rem.

55 1613 185 1684 Pauca
210 1633 298 1681 meo
322 1606 449 1697 Gallo,
480 1604 557 1698 sed,
589 1632 687 1707 quae
704 1607 802 1706 legat
825 1606 898 1706 ipsa
923 1609 1086 1698 Lycoris,

58 1747 240 1817 Carmina
256 1738 336 1814 sunt
353 1739 526 1815 dicenda:
551 1758 661 1839 neget
678 1746 759 1840 quis
775 1745 937 1814 carmina
954 1739 1088 1812 Gallo?

58 1879 119 1952 Sic
142 1875 231 1963 tibi,
265 1901 381 1974 quum
401 1873 533 1949 fluctus
556 1873 802 1948 subterlabere
825 1876 989 1964 Sicanos,

57 2013 174 2084 Doris
199 2033 325 2080 amara
343 2007 443 2081 suam
469 2035 546 2081 non
567 1995 979 2083 intermisceat'vndam.
1064 2005 1090 2082 5

110 2190 221 2246 tirrano
241 2187 329 2245 deerat
342 2192 445 2245 zulich.
483 2210 543 2244 cum
554 2191 728 2245 Medicam.
741 2211 781 2262 pr.
818 2190 966 2245 lu'chen.
1001 2192 1092 2263 ischa

63 2278 288 2333 laudaremus
302 2278 407 2330 Moreii.
443 2278 613 2329 interludere
626 2277 739 2330 Parthas.
766 2277 867 2347 subter
880 2278 976 2330 labere
988 2275 1092 2333 divisim
1127 2310 1129 2314 >

62 2367 161 2420 nanc.
198 2366 334 2424 Sicanos,
357 2381 427 2414 nunc
439 2364 522 2434 prima
540 2361 618 2414 breui.
641 2381 662 2413 v.
678 2363 711 2415 ad
725 2366 789 2416 Aen.
803 2364 895 2431 1‚557.
971 2366 986 2418 5
1004 2367 1093 2418 Doris

65 2459 157 2503 caica
170 2449 276 2501 Zulich.
318 2462 414 2499 amara
435 2447 475 2500 ed.
498 2448 569 2501 Dan.
583 2447 687 2509 Heius..
712 2448 803 2502 virium
819 2466 850 2502 ex
870 2449 930 2502 edd.
952 2449 1092 2507 Pulmnun.

66 2536 92 2588 in
115 2535 215 2588 multae
237 2549 417 2606 propagatum.

112 2715 138 2752 1.
159 2690 374 2767 Arethusam,
387 2687 562 2774 Nymphem
604 2710 639 2748 ec
659 2690 800 2770 persidia,
827 2707 875 2765 et,
896 2707 958 2751 tom
972 2690 1092 2751 bonum

69 2795 201 2865 Siciliae,
223 2808 254 2851 vt
271 2797 302 2852 in
319 2797 452 2854 carmine
469 2793 563 2850 buco·
604 2813 639 2849 ac
661 2791 845 2852 constantem
863 2809 1031 2853 amatorem
1047 2799 1094 2852 in·
1136 2839 1138 2842 .

69 2896 145 2966 lico,
167 2916 228 2976 pro
241 2895 336 2966 Musa,
361 2900 494 2954 inuocat.
524 2894 561 2951 cf.
605 2894 697 2974 digne
724 2893 895 2966 deseruisse,
933 2909 964 2953 vt
984 2898 1094 2974 poeni·

70 3000 172 3080 Eclog.
199 2996 334 3067 v11,21
396 2994 564 3076 Nymphae
604 3011 675 3055 tent.
747 3004 777 3072 4.
812 2996 937 3074 fluctus
961 2996 1094 3072 subter-

72 3098 284 3159 bberhrides.
334 3099 452 3179 Quidni
481 3103 563 3156 enim
607 3097 717 3155 Iabere
729 3098 871 3167 Sicanos,
886 3101 975 3156 maris
989 3099 1093 3172 Siculi,

72 3202 172 3283 pastor
187 3202 316 3272 Siculus,
334 3216 364 3259 vt
379 3202 461 3259 Pana
476 3201 564 3260 alios·
605 3200 705 3276 Ionii3
742 3200 822 3258 vnde
848 3202 949 3257 Doris
978 3219 1097 3259 amara

73 3327 130 3386 que
143 3307 219 3365 deos
236 3302 382 3384 agrestes,
404 3308 444 3362 ita
464 3309 564 3362 numi·
605 3323 663 3381 pro
694 3322 772 3383 aqua
798 3300 865 3360 salsa
902 3322 938 3360 ec
969 3307 1095 3364 marina.

73 3425 109 3466 na
136 3408 295 3476 locorum,
325 3409 463 3464 inuocet!
506 3426 564 3464 nec
606 3405 735 3463 Videtur
762 3403 821 3463 hoc
849 3409 964 3485 primus
988 3407 1097 3488 aliquis
1189 3422 1198 3443 ⁴

74 3525 234 3588 propterea
269 3504 424 3590 nymphae
444 3523 564 3565 mulen-
607 3527 642 3565 ex
670 3506 878 3566 Alexandrinis
910 3512 1010 3586 poetis
1040 3530 1098 3570 no·

76 3625 120 3670 tur
139 3617 172 3669 in
191 3609 301 3669 Musas.
346 3609 491 3668 Sollenne
514 3630 566 3667 nu·
607 3605 703 3682 valle,
750 3623 782 3668 vt
809 3610 904 3668 Nerei
933 3615 1098 3693 coniugem

78 3725 133 3771 tem
148 3711 306 3795 Nymphas
321 3716 457 3772 inuocori
475 3716 566 3770 etiarn
608 3709 687 3770 hene
715 3725 747 3770 et
773 3711 941 3770 Nereidum
968 3729 1099 3775 matrem

79 3829 156 3873 extre
179 3814 337 3881 bucolice;
373 3829 404 3872 vt
417 3812 566 3872 Coluthus
608 3815 695 3890 (Met.
711 3812 755 3884 ΙΙ,
773 3815 843 3874 268.
862 3815 934 3891 269)
950 3835 1007 3894 pro
1024 3817 1100 3875 mari

79 3936 198 3976 carmen
256 3918 377 3977 orditur
439 3908 566 3991 Νύμφαι
609 3916 732 3974 diceret.
793 3909 871 3974 Note
904 3911 947 3974 est
977 3916 1026 3975 vel
1061 3935 1099 3974 ex

79 4012 222 4100 Τρωιάδες
243 4053 288 4065 -
334 4038 362 4075 2.
392 4015 459 4093 sed
482 4038 567 4098 quae
608 4016 724 4078 Moschi
745 4018 851 4097 fragm.
871 4016 930 4074 VII
951 4017 990 4076 de
1011 4016 1099 4076 fonte

75 4121 162 4198 legat
185 4122 251 4200 ipsa
272 4121 409 4199 Lycoris
432 4119 506 4188 scil,
535 4133 567 4176 vt
610 4119 669 4179 lroc
684 4121 801 4178 Siciliae
822 4133 854 4178 et
871 4124 935 4177 eius
958 4137 1025 4176 cum
1047 4114 1103 4172 Al-

75 4238 107 4282 ει
129 4223 282 4286 erubescat
305 4223 345 4283 de
366 4220 494 4280 leuitate
516 4221 567 4280 sue
609 4219 982 4303 phe0,flu1ninenl·rdis‚
1005 4221 1102 4277 inter-
