2692 4914
251 291 959 427 ·croaercerrc1a1‚49-52
1068 334 1142 434 287
1246 298 1248 303 ’

178 512 217 584 lt
238 517 359 614 prius,
397 517 569 614 ignotum
592 509 693 586 ferro
724 538 836 614 quem
863 514 1058 592 scindimus
1079 546 1139 595 ae·

728 673 835 747 quor,
1085 654 1134 729 50

136 773 252 853 Ventos
274 796 312 853 et
331 783 474 852 varium
494 776 592 853 coeli
611 777 842 878 praediscere
866 804 1024 854 morem¹

133 907 212 986 cm
231 911 291 1004 sit,
329 938 374 987 ac
398 917 537 1014 patrios
562 912 760 1015 cultusque
781 912 1005 1016 habitusque
1029 916 1133 994 loco·

718 1071 820 1139 rum;

176 1239 263 1295 soAt
282 1257 328 1309 με
359 1237 396 1290 ita
414 1252 441 1291 et
453 1233 551 1291 Medic.
565 1255 625 1292 cum
641 1237 689 1303 el.;
725 1240 824 1296 eteliir
856 1258 906 1301 ac,
936 1242 1014 1296 etiem
1032 1245 1131 1300 Rome·

122 1334 168 1374 nur.
198 1323 358 1393 immensum
374 1323 478 1375 Seruius
497 1323 524 1374 in
543 1322 588 1376 suo
605 1323 705 1378 lubuit.
773 1329 804 1381 61
822 1335 967 1396 proprium
987 1349 1010 1382 r.
1023 1351 1052 1401 p.
1071 1352 1128 1387 mo·
1198 1362 1205 1377 ι

121 1421 166 1458 rem
183 1408 223 1462 sex
243 1425 294 1463 vet.
321 1402 399 1461 codd.
421 1403 544 1460 exhibent
570 1426 611 1479 ep.
631 1402 806 1462 Columellam
828 1408 920 1478 lupi
956 1427 982 1467 et
1001 1434 1129 1487 reponen-

118 1489 170 1543 dum
191 1491 298 1566 putebat
318 1491 463 1545 Pontedera
474 1493 580 1564 Antiqq.
595 1511 620 1565 p.
637 1504 703 1565 479;
738 1495 872 1567 quomodo
888 1496 973 1559 enim.
994 1503 1065 1571 quod
1085 1520 1128 1557 ve.

112 1577 171 1630 rium
187 1576 234 1640 fit,
254 1577 380 1650 praedisci
401 1573 499 1649 polliri
534 1573 586 1630 Sed
601 1579 696 1631 variare
716 1575 803 1653 alique
817 1599 856 1633 ree
877 1579 975 1650 potest,
993 1599 1020 1636 er
1038 1600 1128 1641 remen

108 1661 237 1734 cognosci,
257 1679 284 1716 et
306 1662 388 1716 multe
405 1657 441 1716 ite
462 1662 577 1723 varient,
602 1677 628 1715 vt
649 1659 675 1714 in
695 1681 745 1716 eno
765 1680 853 1718 tamen
874 1684 978 1738 quoque
995 1668 1063 1722 lietu
1081 1669 1127 1725 eli·

105 1767 228 1822 quantum
246 1746 394 1802 consistant.
445 1747 506 1799 Hoc
528 1763 613 1800 eutem
635 1743 695 1799 loco
717 1746 796 1803 veriat
820 1749 956 1822 tempesias
976 1769 1025 1822 pro
1042 1757 1127 1825 regio·

32 1891 34 1895 ,
100 1854 164 1888 nam
185 1833 341 1888 diuersitate.
381 1832 472 1904 Agitur
495 1830 573 1902 igitur
591 1827 624 1880 de
646 1849 681 1890 re,
707 1851 774 1902 quae
790 1853 844 1886 nou
864 1852 942 1886 vnum
961 1837 1127 1910 eundemque

99 1919 219 1974 habitum
244 1919 338 1991 rbique
354 1917 441 1970 hebet.
488 1911 655 1987 praedicere
677 1931 725 1969 tres
747 1935 789 1988 ap.
809 1913 912 1978 Burm.‚
945 1938 1018 1973 more
1038 1922 1124 1980 solito.

95 2005 279 2077 praediscere
290 2000 376 2056 firmat
389 2021 449 2055 cum
462 2000 568 2054 Colum.
584 1995 602 2052 l.
617 2000 649 2061 l.,
672 2016 727 2054 tum
738 2002 805 2055 Plin.
821 2002 917 2062 xvllr,
932 2015 965 2070 24
979 2005 997 2057 s.
1012 2009 1045 2060 50·
1060 2026 1123 2064 extr,

94 2093 235 2148 deculcare
260 2088 442 2159 habitaeque,
476 2085 652 2157 omissoque,
682 2086 758 2140 multi
775 2086 842 2140 Pier.
864 2101 891 2140 et
904 2087 992 2144 Heius.
1034 2097 1125 2150 cultor

157 2262 211 2321 50.
248 2258 330 2317 Ante
358 2257 527 2315 arationem
559 2268 591 2313 et
632 2252 702 2312 vide
738 2250 789 2313 vel
822 2253 969 2336 Xenoph.
1005 2259 1124 2326 Oecon.

93 2381 190 2422 omne
212 2380 292 2440 opus
316 2354 456 2424 rusticum
481 2372 590 2417 natura
631 2354 748 2426 xv1,2
764 2354 838 2438 sqq„
859 2379 952 2440 quem
965 2376 1036 2422 ante
1051 2385 1128 2425 (ηιμ

93 2465 175 2524 caeli
213 2461 330 2542 solique
370 2457 589 2520 confiderenda
630 2455 677 2518 los
691 2454 825 2520 habuille
840 2461 961 2520 videtur
969 2463 1124 2546 Virgilius.

95 2561 151 2625 est.
172 2566 461 2643 ignotumaequor,
470 2582 587 2643 agrum,
625 2562 757 2639 patrios
779 2561 901 2632 cultus,
930 2565 1052 2625 colendi
1074 2589 1123 2629 re·

96 2672 184 2726 cuius
199 2681 303 2725 nature
320 2663 409 2724 nobis
425 2667 529 2746 ignota
543 2660 588 2723 fit.
631 2664 747 2721 tionem
766 2660 816 2720 vsu
837 2668 988 2723 maiorum
1009 2668 1123 2747 proba.

95 2772 154 2831 51.
182 2767 264 2824 eaesi
282 2801 319 2815 —
341 2787 481 2837 morem,
511 2769 587 2824 aeris
631 2778 702 2820 tam.
759 2762 895 2824 Dickson
923 2767 1123 2851 Husbandry

94 2885 260 2943 naturam,
295 2872 489 2949 temperiem,
530 2886 589 2924 va·
632 2863 898 2942 oftlaearrciencr
913 2867 950 2924 T.
966 2869 1120 2949 l‚p.217.

93 2976 198 3038 rium,
224 2991 280 3052 pro
295 2970 411 3031 diuersa
426 2973 587 3050 regionum
630 2970 698 3046 qui,
745 2966 829 3046 quod
864 2965 966 3026 lacere
1001 2968 1121 3033 necesse

91 3089 205 3136 namra
245 3094 281 3133 ac
328 3071 386 3132 s1tu
427 3069 586 3131 diuersum.
629 3064 778 3139 nonest,
824 3068 1025 3147 repetendum
1060 3069 1121 3135 esse

92 3176 269 3237 Columella
291 3174 342 3236 lib.
366 3175 397 3248 l,
425 3173 520 3254 praes.
548 3174 587 3233 αδ
630 3166 788 3226 arbitratus
816 3166 975 3248 epitheton
990 3176 1121 3251 patrios

91 3280 189 3341 Caeli
228 3293 262 3337 et
294 3281 377 3336 anni
404 3274 587 3358 praeferetis
629 3270 735 3328 cultus
771 3285 802 3329 et
828 3271 957 3349 patrios
987 3273 1121 3335 habitus

88 3401 202 3441 mores
237 3382 428 3438 intuentur:
482 3398 601 3459 neque
629 3375 775 3432 locorum
796 3370 969 3434 laborarii
989 3380 1120 3438 notione

90 3486 185 3544 enim
219 3478 376 3553 eundem,
418 3481 510 3539 velut
545 3498 587 3535 ex
629 3475 751 3533 alterius
765 3477 820 3546 rei,
838 3477 963 3556 quinam
978 3472 1037 3536 elle
1051 3477 1121 3558 pos-

86 3584 315 3668 praescripco,
356 3581 504 3641 lubitum
531 3599 586 3658 ge-
628 3573 687 3636 sint
713 3573 844 3634 habitus
880 3578 1007 3656 patrii:
1067 3599 1122 3639 cur
1157 3640 1159 3650 k

88 3700 174 3745 neret
196 3702 254 3745 erc.
309 3685 407 3746 Totus
428 3684 480 3743 ille
501 3683 587 3741 locus
625 3682 712 3744 ,enim
728 3678 771 3737 illi
785 3681 936 3738 maiorum
951 3693 1053 3739 aetate
1075 3681 1120 3742 di-

87 3789 111 3852 t
136 3808 176 3847 22
193 3785 255 3869 sqq.
285 3808 344 3867 pro
365 3787 585 3847 commentario
628 3779 735 3840 versia
750 3779 902 3861 praesenti
917 3783 1121 3861 agrinatura?

87 3904 209 3974 poetae
225 3887 276 3950 est.
319 3894 370 3952 52.
392 3888 523 3947 habitus
542 3885 588 3943 lo·
628 3882 721 3941 Dicas
742 3880 802 3943 else
822 3898 977 3954 naturam,
1000 3884 1122 3965 qualem

87 4011 219 4063 coram,
240 3989 270 4050 h.
288 4006 437 4064 naturam,
463 3993 588 4073 genium
630 3987 760 4045 maiores
802 3984 854 4043 vsu
899 4001 1119 4066 cognouerant.

87 4097 176 4175 egri,
199 4114 236 4153 ex
251 4110 417 4175 praecepto
439 4095 587 4163 omnium,
630 4088 797 4149 Enimuero
823 4085 954 4146 habr'crrr
976 4086 1121 4145 locorum

86 4200 149 4281 qui
178 4197 216 4257 de
245 4217 279 4257 re
299 4194 406 4258 rustica
427 4193 588 4257 tradidere.
631 4210 688 4273 per
724 4187 753 4250 se
787 4188 855 4252 sunt
884 4187 1040 4250 sumendi:
1089 4203 1121 4250 et

136 4299 271 4361 'scial
679 4288 741 4353 Hh
