2692 4914
39 302 143 378 ’6
283 300 360 377 DE
391 299 978 377 CARMINEBVCOLIGO

120 487 425 590 impendebant,
472 491 669 559 inuitante
698 483 785 585 ipsa
810 485 991 559 locorum
1017 513 1155 566 omoe-

123 622 272 697 nitate,
312 616 414 688 caeli
439 615 650 687 clementia
679 613 757 712 (cf.
780 616 952 686 Diodor.
972 616 1053 693 IV,
1077 618 1156 707 84),

126 751 254 820 animi
278 773 306 817 a
326 748 428 816 curis
447 747 654 815 vacuitate
674 758 712 814 et
733 747 837 822 otio,
877 747 1062 814 carmina
1082 768 1160 841 pa-

114 871 282 974 storitia
298 875 468 944 condere
489 889 526 942 et
539 869 704 970 vulgari
719 868 791 966 vsu
807 868 975 956 liabere5
990 886 1161 969 potuere

115 994 201 1095 neffe
221 1003 323 1069 inter
347 1025 433 1078 eos,
467 1002 537 1099 qui
559 1014 680 1069 cantu
702 997 957 1077 excellerent,
991 1000 1065 1097 qui
1081 1022 1163 1068 cer·

129 1128 283 1232 tamine
303 1131 517 1198 vincerent.
572 1125 862 1223 Consecrarunt
883 1150 1042 1225 quoque
1063 1149 1162 1223 poe-

129 1266 265 1322 tarum
281 1252 457 1349 fabulae
475 1256 642 1324 nomina
655 1248 863 1352 pastorum
876 1256 1020 1324 veteris
1034 1256 1162 1329 vitae,

130 1396 177 1450 vt
196 1381 463 1478 Daphnidem.
503 1382 587 1452 vid.
611 1381 670 1452 ad
689 1379 777 1452 Ecl.
797 1381 846 1453 V.
896 1383 1016 1451 Forte
1039 1380 1164 1449 etiam

121 1501 252 1600 festa,
282 1532 386 1606 quae
408 1507 610 1606 Apollini,
633 1511 823 1592 Dianae,
864 1507 1019 1583 Cereri,
1055 1505 1164 1576 Pani

134 1630 302 1730 aliisque
323 1635 399 1705 diis
421 1631 571 1731 rusticis
598 1632 919 1711 celebrabantur,
954 1635 1016 1704 vti
1039 1633 1165 1702 maio·

133 1783 219 1830 rem
239 1758 524 1844 celebritatem,
572 1768 633 1835 ita
655 1744 1000 1858 maiusstudium,
1041 1760 1165 1827 maio-

134 1912 221 1958 rem
242 1907 382 1968 artem,
412 1908 451 1962 et
470 1893 778 1963 concinnitatem
793 1890 1031 1966 carminum,
1054 1884 1168 1981 sorte

137 2017 263 2084 etiam
292 2022 547 2098 certantium,
596 2035 635 2089 et
659 2014 738 2112 fibi
766 2031 903 2086 mutuo
931 2011 1201 2111 responden.

107 2143 239 2210 tiam
265 2142 512 2240 sollertiam,
567 2170 673 2244 quae
713 2140 936 2214 amaebaea
985 2142 1171 2210 carmina

134 2272 306 2364 peperit,
347 2273 516 2343 attulere
522 2300 536 2356 ,·
574 2298 653 2371 quo
673 2268 757 2368 ipso
782 2285 970 2368 apparet,
1005 2292 1077 2337 cur
1098 2268 1171 2336 ini·

139 2397 202 2463 tia
229 2398 372 2493 Musae
400 2397 606 2470 bucolicae
633 2399 692 2468 ad
708 2395 860 2493 festum
886 2396 981 2491 fere
1007 2397 1172 2465 Dianae

142 2538 214 2590 aut
227 2523 425 2621 Apollinis
439 2512 598 2605 Nomii,
629 2525 845 2596 alteriusue
858 2525 1044 2595 Numinis
1059 2546 1172 2620 agre·

129 2643 224 2743 stis,
258 2651 533 2746 referantur.*)
604 2653 807 2728 Tandem,
849 2648 973 2720 multo
995 2664 1173 2746 tempore

93 2758 97 2767 ’
138 2771 245 2871 post,
273 2777 387 2872 forte
407 2783 529 2850 etiam
544 2776 633 2878 post
659 2779 802 2849 multos
822 2777 943 2854 alios,
971 2780 1042 2875 qui
1063 2776 1173 2845 idem

143 2915 417 2986 tentauerant,
449 2912 551 2978 inter
570 2931 666 3008 quos
689 2923 793 2979 certe
806 2901 1037 2978 Stesichorus
1050 2894 1173 2998 futffe

134 3025 343 3125 fertur,**)
388 3052 473 3107 tum
486 3034 661 3111 Sicelidas
676 3033 845 3110 Samius,
868 3030 958 3128 seu,
981 3045 1027 3099 vt
1039 3052 1175 3127 gram·

145 3162 284 3250 matici
317 3161 503 3240 tradunt,
566 3133 647 3236 eius
678 3162 793 3260 filius
826 3154 1060 3256 Asclepiades
1109 3153 1176 3225 Sa·

146 3284 265 3360 mius,
291 3310 381 3357 cum
400 3287 538 3380 Lycida
564 3291 792 3388 Cydoninta
806 3303 844 3357 et
864 3283 1030 3362 Phileto,
1059 3279 1177 3379 elegis

148 3404 441 3507 nobilitato,***)
473 3419 602 3488 extitit
626 3416 745 3488 ltomo
768 3411 1013 3514 ingeniosus,
1051 3407 1177 3480 Theo·

183 3627 641 3710 ³)v.VitamV1rg.Donat.§.84[q.
683 3635 839 3696 Schneider,
876 3632 977 3687 lacobt.
1032 3605 1179 3701 Meleager

359 3749 377 3802 ¹·
393 3751 411 3805 ¹·
683 3715 1180 3860 dormitat:

186 3878 395 3943 2«·)Stceltdom
406 3902 430 3939 et
440 3889 576 3941 Plu'letam
589 3909 644 3942 me·
685 3805 906 3963 qdiiiuippiyeqea
934 3822 1064 3956 odiebant
1103 3882 1182 3940 ἄνθεα

153 3982 239 4018 morat
258 3967 374 4022 Theocr.
385 3972 443 4030 Vll,
456 3985 497 4039 40.
516 3976 557 4026 vbi
568 3976 644 4028 istum
685 3976 790 4036 tribuit3
841 3972 979 4041 Moschus
1014 3988 1105 4024 autom
1138 3969 1181 4029 ffl·

153 4053 355 4121 Asclepiadem
408 4054 457 4108 effe
511 4058 646 4113 contendit
685 4079 718 4130 97
728 4060 763 4132 sq.
799 4058 956 4112 Sicelidam
971 4060 1112 4116 Samium,
1133 4056 1184 4125 Ly·

154 4136 244 4188 schot.
265 4137 368 4209 dequo
388 4141 454 4192 inter
474 4145 644 4213 epigramma·
685 4145 780 4198 eidam
811 4143 934 4214 Cydonia
976 4143 1073 4196 Cretae
1099 4142 1185 4193 oriun-

153 4236 211 4276 tum
245 4241 365 4277 auctoru
403 4225 507 4280 videndi
536 4229 642 4291 Reiske,
685 4230 757 4292 dum,
773 4229 918 4284 Pbtletarn
931 4245 959 4283 et
976 4229 1169 4285 Theocritum.
