2700 4906
286 352 364 439 mo
489 337 808 419 nv1non11
837 278 1123 417 nunonis

286 544 368 617 Iam
387 535 500 610 maris
521 522 679 605 inmensi
705 525 874 629 prolem,
914 543 955 603 et
990 550 1118 629 genus
1145 552 1257 611 omne
1274 554 1322 603 ue

954 679 1125 757 tantum,

291 813 421 888 Litore
433 809 474 879 in
489 820 678 890 extremo,
708 819 781 871 ceu
795 792 978 898 naufraga
993 822 1189 901 corpora,
1214 797 1325 875 fluctus

291 944 456 1030 Proluit;
496 932 665 1012 insolitae
696 929 846 1032 fugiunt
865 935 907 1007 in
925 931 1091 1008 flumina
1114 934 1271 1038 phocae.

295 1081 428 1154 Interit
455 1089 493 1148 et
515 1070 642 1145 curuis
667 1062 800 1140 frustra
825 1064 978 1142 defensa
1002 1066 1165 1145 latebris

296 1215 452 1312 Vipera,
475 1224 513 1280 et
529 1204 689 1277 adtoniti
706 1199 864 1302 squamis
877 1198 1118 1278 adstantibus
1132 1203 1253 1300 hydri.
1273 1202 1328 1290 545

296 1341 385 1446 Ipsis
411 1339 462 1416 est
486 1365 551 1414 aer
579 1337 712 1410 auibus
732 1360 813 1408 non
839 1359 1008 1436 aequus,
1050 1358 1093 1414 et
1113 1339 1206 1415 illae

297 1479 529 1576 Praecipites
550 1471 758 1545 altovitam
783 1467 847 1543 sub
872 1469 978 1545 nube
1002 1472 1245 1576 relinquunt.

299 1614 501 1716 Praeterea
527 1610 603 1680 iam
626 1629 699 1680 nec
726 1610 863 1678 mutari
882 1604 1026 1706 pabula
1060 1607 1197 1700 resen,

303 1741 584 1849 Quaesitaeque
606 1748 747 1813 nocent
770 1757 886 1830 artem
932 1736 1080 1816 cessere
1107 1739 1278 1845 magistri,

369 1944 421 2013 543
442 1941 484 1996 ad
495 1943 624 2014 flumme
644 1939 764 2011 Lougob.
785 1954 812 1994 st
826 1936 924 2011 Regius
938 1939 1051 1995 Martis.
1128 1946 1184 2014 544
1202 1962 1237 1999 aa
1245 1942 1332 2017 farsis,

303 2031 390 2104 iuquit
407 2032 513 2091 Burro„
539 2027 583 2082 sed
603 2023 640 2080 est
661 2045 710 2096 pro
728 2025 808 2079 cauis.
829 2023 881 2078 vid.
897 2024 999 2098 Θεοῖς.
1018 2028 1051 2087 11,
1070 2031 1130 2085 216
1150 2048 1178 2086 st
1198 2033 1234 2085 ibi
1247 2034 1333 2087 Noun

302 2118 355 2182 545
374 2112 549 2186 exstantibus
569 2113 641 2165 malit
662 2114 700 2163 lo.
717 2109 855 2164 Schrader.
924 2112 977 2177 548
996 2119 1058 2165 tam
1078 2134 1137 2169 nec
1159 2137 1174 2171 s
1193 2117 1262 2172 tibris
1277 2135 1333 2189 repo

302 2199 355 2255 suit
369 2199 458 2252 Heius.
494 2199 533 2251 lta
549 2215 637 2251 tamen
650 2197 702 2249 iam
720 2197 854 2266 legebatur
866 2195 894 2248 iu
908 2194 1075 2251 Commesiu.
1094 2200 1240 2255 Pulmann.
1252 2202 1333 2261 aas

304 2284 384 2355 vulgo
399 2283 459 2344 rsit,
484 2302 536 2335 nec
555 2290 628 2342 tam,
650 2299 711 2333 cum
731 2283 870 2343 Romano,
890 2295 917 2334 st
930 2297 957 2335 et
969 2282 1047 2337 Bada
1063 2285 1103 2339 de
1117 2289 1220 2343 metris.
1252 2288 1333 2343 stlta

304 2371 378 2425 orob·
393 2369 448 2422 Set.
461 2369 535 2430 Vsu
562 2368 716 2421 Praeterea
730 2386 782 2420 nse
797 2373 901 2420 mutnrt
913 2373 972 2419 tam
991 2370 1121 2438 pabula.
1186 2377 1237 2446 549
1253 2373 1332 2447 uffan

305 2454 404 2512 Medic.
421 2471 436 2505 a
450 2472 485 2505 ru.
500 2471 540 2524 pr.
576 2451 806 2523 Amycbaom'us,
829 2455 1074 2527 Amitaonr'usque
1091 2461 1263 2531 Menalprrs,
1284 2461 1332 2514 ds»

306 2543 451 2611 Ioampus,
476 2539 672 2610 Melamphus,
700 2537 1240 2617 aberrationes.vid.Apossod.1,9,rr.

373 2701 448 2777 541.
482 2692 675 2757 Aristotelem
696 2692 808 2756 Histor.
850 2698 970 2758 marini.
1023 2701 1104 2777 543.
1127 2702 1280 2778 insolitae
1288 2699 1333 2782 js

313 2800 416 2864 Anim.
436 2799 521 2875 VIII,
543 2820 589 2880 19.
614 2819 654 2859 ao
682 2818 808 2880 negare,
848 2802 962 2878 girant,
1009 2820 1072 2881 pro
1108 2803 1234 2867 insolito
1259 2823 1333 2865 more

309 2904 405 2988 pisces
430 2903 492 2965 vllo
517 2900 669 2984 pestilenti
696 2901 807 2962 morbo
849 2905 922 2980 545.
944 2906 1102 2973 attoniti,
1126 2923 1289 2990 torpentes,
1306 2909 1334 2966 ri·

310 3010 436 3079 tentari,
467 3011 527 3066 iarn
548 3004 648 3065 Cerdo
668 3008 808 3082 notauit3
849 3019 967 3086 gentes.
1010 3007 1178 3088 squamis
1202 3009 1335 3088 adstanti·

309 3125 343 3170 et
379 3109 477 3168 videri
509 3103 611 3187 potest
636 3102 808 3167 castissimus
850 3105 922 3173 bus,
941 3103 1110 3195 stantibus,
1134 3119 1260 3189 erectis,
1282 3111 1335 3173 iot·

309 3225 407 3293 poeta
429 3214 532 3292 potius
558 3213 685 3292 ingenio
706 3209 806 3268 indul·
849 3206 998 3269 rentibus.

309 3309 391 3385 fisse,
429 3333 523 3394 quam
545 3333 649 3372 rerum
676 3313 807 3382 veritati,
914 3314 987 3390 549.
1026 3313 1274 3403 Quaefitaeqae
1292 3335 1336 3375 uo·

309 3429 394 3473 certe
416 3417 450 3472 in
471 3415 547 3486 iilis,
584 3435 664 3496 quae
687 3414 726 3472 de
749 3412 808 3473 ser·
849 3426 1051 3483 centones,
1084 3438 1198 3498 parata
1215 3421 1336 3484 remedia

307 3531 439 3596 pentum
465 3537 492 3575 v.
514 3517 586 3591 544.
609 3520 671 3592 645
709 3513 806 3598 strage
849 3515 968 3595 ceffere
1007 3524 1188 3598 magistri,
1244 3525 1337 3585 cedunt

307 3632 477 3689 memorat,
521 3637 600 3698 quae
636 3639 697 3700 qua
733 3617 805 3691 fide,
848 3618 960 3678 morbo
1009 3622 1211 3704 (muffabat
1253 3629 1337 3687 tardo

308 3739 371 3804 qua
407 3723 606 3792 auctoritate,
660 3719 805 3799 posuerit,
848 3721 1015 3780 medicina
1061 3729 1190 3789 timore
1232 3733 1335 3791 Lurret.

307 3825 430 3906 ignoro.
483 3821 545 3881 Sed
573 3822 692 3883 insectis
720 3828 806 3904 aquis
853 3825 902 3895 vl,
925 3831 1029 3904 1177),
1054 3834 1238 3907 vincuntur,
1257 3849 1337 3893 rnen

306 3925 404 4007 pisces
455 3923 635 4008 contagiofis
689 3925 804 3987 morbis
848 3931 876 3987 ei
893 3926 973 3986 suam
991 3934 1150 4011 imparem
1168 3937 1229 3999 esse
1251 3941 1337 3998 vident

307 4032 421 4100 vexari,
445 4048 493 4088 res
509 4025 552 4087 est
567 4033 648 4087 inter
663 4025 806 4090 historiae
847 4029 969 4103 medici,
991 4049 1023 4092 et
1036 4041 1171 4118 quidem
1184 4039 1335 4123 praestan-

306 4131 454 4192 naturalis
470 4145 610 4191 auctores
632 4151 716 4191 nunc
737 4133 805 4193 satis
849 4131 971 4210 ttffimi,
995 4159 1077 4218 quos
1093 4147 1274 4205 nominibus
1288 4143 1334 4202 dr·

307 4235 474 4316 explorata.
525 4233 679 4305 Phocoe,
718 4237 806 4298 vituli
845 4234 962 4300 riffimis
985 4258 1119 4314 exornat
1137 4247 1332 4315 chiram
