2692 4914
128 306 448 385 -nonoroou
482 309 584 382 Lm.
604 307 673 399 1v,
694 306 909 395 432-446
956 287 1063 410 Χ745

128 515 205 597 pat.
244 497 312 572 Ille
330 495 413 572 suae
428 515 559 573 contra
571 522 651 569 non
665 498 853 576 inmemor
867 498 965 586 artis,
985 504 1061 588 440

128 639 156 703 {a
182 631 420 705 transformat
444 632 515 708 sese
539 637 578 705 in
602 631 780 706 miracula
806 656 943 721 rerum,

128 791 238 866 nque,
292 767 590 868 horribilemque
624 765 762 857 feram,
819 766 1055 866 fluuiumque

637 899 858 1000 liquentem.

128 1058 171 1122 n,
211 1030 273 1106 vbi
294 1034 397 1107 nulla
421 1033 547 1136 fugam
568 1040 706 1134 reperit
726 1035 901 1136 pellacia,
931 1035 1051 1107 victus

128 1167 270 1260 eredit,
295 1190 409 1272 atque
435 1172 597 1244 hominis
621 1171 774 1244 tandem
794 1197 860 1245 ore
882 1169 1048 1242 locutus:

141 1306 223 1402 quis
270 1318 326 1398 te.
378 1310 562 1379 iuuenum
606 1303 932 1396 confidenriffime,
977 1279 1047 1373 no·

626 1436 715 1513 stras
968 1433 1068 1521 44&

128 1570 232 1644 adire
257 1567 419 1644 domus?
465 1571 607 1673 quidue
629 1572 717 1647 hinc
742 1576 861 1674 petis?
907 1574 1043 1673 inquit.

626 1708 676 1781 At
694 1706 777 1781 ille:

128 1877 142 1923 ἰ.
156 1870 246 1923 Franc.
260 1870 311 1924 vid.
325 1889 348 1922 v.
362 1871 423 1938 405.
452 1874 612 1944 vlnrltsque
622 1873 693 1928 Gnd.
709 1892 773 1927 rm.
787 1892 827 1943 pr.
842 1889 902 1926 cum
917 1883 1040 1942 quatuor,

132 1956 248 2009 Martini.
317 1965 364 2023 441
387 1959 491 2011 Omnia
508 1974 659 2014 commutat
679 1959 749 2029 opud
768 1959 889 2012 Nouium
909 1956 936 2008 in
955 1962 1037 2007 mira.

128 2043 166 2094 rla
185 2043 254 2094 Ven.
274 2038 324 2093 vid.
341 2041 396 2113 sup.
408 2061 435 2094 v.
452 2045 476 2096 3.
558 2054 608 2111 442
624 2046 804 2116 fluuiumque
825 2047 981 2114 llquamem
998 2057 1038 2111 pr.

128 2167 130 2180 .
184 2129 345 2197 loquentem
372 2143 456 2199 quart.
483 2129 578 2183 Mouet.
667 2131 717 2198 443
744 2132 871 2198 pellacia
903 2124 1040 2179 reuocauit

133 2236 141 2279 3
171 2228 198 2265 vt
216 2228 242 2264 et
264 2211 352 2265 multis
371 2213 428 2265 eliis
449 2213 476 2264 in
498 2213 572 2266 locis.
626 2215 666 2268 lm
688 2229 794 2287 vterque
813 2212 921 2267 Mentel.
944 2210 1037 2282 fragm.

128 2313 168 2349 ert.
187 2296 312 2349 Rotteod.
327 2316 350 2349 v.
365 2297 470 2359 Heius..
502 2300 565 2352 item
579 2301 690 2353 Pieriam
710 2299 846 2362 nonnulli,
880 2298 949 2351 inter
967 2315 1036 2368 quos

127 2401 139 2434 s
158 2380 208 2434 esse
223 2381 332 2434 viderur.
371 2383 446 2436 Adde
460 2384 601 2456 Philargyr.
609 2424 619 2448 ‚
641 2387 725 2440 Goth.
742 2384 789 2439 sec.
806 2404 870 2439 um.
887 2402 925 2456 pr.
955 2382 1041 2452 phul·

128 2466 209 2527 edio,
242 2482 347 2521 etum.
364 2467 411 2521 sec.
433 2469 582 2541 fallacia,
609 2471 725 2542 vrvulgo
741 2459 1039 2539 omneovulgarivocr·

128 2559 204 2604 enuit
214 2543 349 2622 fillacio
362 2570 446 2625 quart.
461 2558 558 2610 Moror.
626 2568 677 2624 444
689 2558 775 2610 rediit
790 2553 906 2609 Parthas.
934 2552 1039 2606 Laudat

130 2654 183 2690 nat.
200 2637 234 2689 ad
250 2639 356 2690 Terent.
371 2640 451 2692 Andr.
466 2643 510 2704 111,
525 2644 550 2702 5,
570 2643 608 2696 15.
626 2641 738 2714 Adelph.
753 2643 788 2703 V,
806 2644 831 2702 3,
850 2643 889 2695 18.
922 2638 1038 2692 tandem

128 2723 250 2784 1.,mrle.
319 2726 371 2790 446
389 2725 693 2797 Iuffusrlrerssotrend.
734 2728 833 2780 domur
844 2723 1037 2780 Heins.oMe·

128 2808 181 2870 liis,
201 2808 279 2881 vulgo
293 2808 401 2864 domos.
442 2812 489 2864 hic
505 2821 580 2883 pem
592 2814 700 2884 Menag.
713 2831 753 2883 pr.

146 2969 278 3037 iuuene,
312 2985 407 3026 nemo
429 2987 497 3029 non
539 2984 605 3048 tur3
638 2970 720 3030 forte
741 2966 772 3030 h.
793 2968 815 3029 l.
834 2963 963 3047 perdam
988 2975 1033 3037 te,

165 3074 239 3144 44ι.
273 3069 308 3125 in
335 3070 498 3129 miracula
538 3092 610 3132 nam
632 3093 690 3143 -3
732 3092 813 3156 quae
836 3071 936 3130 inanis
959 3061 1036 3126 esset

141 3170 175 3227 in
190 3172 280 3228 miras
295 3190 353 3242 res,
373 3172 495 3233 formas.
537 3174 694 3241 subtilitas.
757 3176 827 3235 Hoc
853 3170 957 3231 saltem
987 3183 1034 3228 te·

128 3269 350 3352 ›tribilemqne
365 3273 495 3353 feram,
536 3298 613 3339 nere
645 3279 734 3340 licet:
782 3278 916 3356 primum
950 3270 1034 3330 forte

128 3372 205 3429 “uem
225 3393 261 3431 ex
278 3394 305 3432 v.
321 3382 384 3455 407
405 3377 494 3437 intel·
536 3377 619 3441 bunc
636 3379 690 3445 τοῦ
709 3374 766 3463 γοὲρ
787 3377 870 3438 vsum
891 3377 933 3435 ita
949 3370 1029 3433 nas'

156 3471 196 3533 fic
220 3474 275 3536 Gr.
300 3471 371 3563 θήρ.
432 3479 494 3541 Sed
534 3478 685 3564 potuiffe,
745 3500 816 3540 cum
857 3474 1034 3538 membrum

128 3581 219 3637 utius.
535 3588 684 3647 orationis
698 3579 910 3644 subticesceret
924 3582 959 3650 ir,
976 3579 1033 3660 qui

128 3724 134 3738 .
170 3680 276 3746 Nam:
316 3678 384 3742 saris
410 3702 494 3745 nunc
535 3691 688 3749 concitato
717 3683 912 3769 loquebatur.
962 3680 1034 3739 Hoc

147 3797 224 3840 noto
239 3780 290 3841 vsu
304 3803 340 3843 ex
354 3785 408 3844 Gr.
423 3779 492 3869 γαέρ,
535 3790 607 3851 loco
634 3784 678 3851 est
704 3809 764 3869 pro
791 3787 907 3870 vulgari
936 3782 1030 3865 Quis·

141 3882 178 3945 cf.
193 3883 295 3944 Clarle
314 3901 347 3946 et
361 3888 433 3949 Ern.
453 3887 494 3947 ud
536 3911 625 3952 nam.
674 3891 801 3952 Homer.
825 3887 886 3950 Od.
910 3886 943 3959 δ,
964 3886 1030 3962 462

128 4005 230 4054 ‚201.
278 3988 373 4049 Aiunt
388 3990 493 4072 vulgo,
536 3992 592 4065 Τίς
627 3984 662 4057 νύ
695 4015 740 4058 τοι
771 4024 815 4040 -
843 3986 925 4052 θεῶν
956 4005 1031 4062 cvra·

128 4087 285 4169 'ligendom
303 4089 363 4152 effe
378 4114 495 4173 propo·
536 4090 696 4180 Φρέσσατο
715 4087 846 4179 βονλᾶςὶ
865 4119 909 4144 ⁸·-
928 4085 980 4154 rb
993 4086 1031 4151 σὲ

128 4212 151 4265 1,
176 4194 261 4256 cuius
276 4192 495 4263 cauffareddo
537 4190 610 4285 χρή.
