2692 4914
165 314 235 398 tot
365 319 407 390 P.
433 316 968 424 tritorum-MAROMS

159 514 340 598 Mincius,
376 531 474 607 eque
496 503 594 579 sacra
617 501 789 578 resonent
810 510 979 578 examina
1004 530 1160 606 quercu.

160 644 263 747 Quid
277 638 463 717 facerem?
484 663 609 739 nequo
620 663 691 737 ego
705 637 897 738 Alcippen,
918 664 990 713 nec
1002 640 1181 734 Phyllida,

771 771 965 866 habebam,

157 905 340 1013 Depullos
364 907 499 981 electe
521 903 626 979 domi
647 929 745 1004 quae
766 905 956 981 clauderet
974 899 1089 1009 agnos
1096 941 1106 1002 ;
1139 915 1182 990 15

156 1053 205 1123 Et
225 1062 412 1120 certamen
433 1058 528 1132 erat,
556 1038 735 1133 Corydon
762 1065 845 1113 curn
870 1040 1065 1138 Thyrllde,
1106 1074 1182 1122 ma.

770 1199 895 1271 gnum.

155 1311 354 1402 Posthabui
372 1329 498 1384 tamen
514 1307 664 1381 illorum
683 1329 768 1378 mea
782 1305 877 1382 ¹seria
898 1306 1003 1383 ludo.
1025 1326 1028 1332 ’

154 1450 315 1526 Alternis
335 1450 446 1545 igitur
473 1440 713 1518 contendere.
729 1437 890 1516 versibus
913 1443 1025 1518 ambo

155 1587 346 1684 Coepere:
386 1579 547 1654 alternos
569 1571 696 1649 Musae
716 1573 918 1651 meminille
938 1577 1127 1653 volebant.

154 1819 215 1876 gere
234 1815 313 1855 nemo
336 1793 473 1848 dubitabit.
543 1792 574 1846 ιδ
593 1806 677 1863 atque
697 1789 816 1860 Longob.
837 1790 885 1848 [ec.
907 1792 1005 1846 Mureti
1027 1808 1054 1846 et
1073 1793 1177 1847 zulich.

154 1889 203 1942 lite
217 1905 269 1957 que
296 1896 378 1955 quart.
398 1878 504 1932 Moreti.
551 1877 651 1930 Ploriuo
670 1890 798 1929 memoret
817 1894 832 1928 u
851 1876 909 1929 viris
935 1877 1070 1932 nonnullis
1092 1879 1176 1936 doctis

152 1972 270 2028 recitari:
305 1985 374 2037 eque
397 1982 479 2016 caua.
550 1971 581 2028 ¹4
600 1961 752 2032 nequePlt.
772 1960 863 2032 fragm.
876 1963 982 2018 Mureti.
1054 1967 1085 2020 15
1103 1986 1176 2036 quae

155 2055 301 2112 clauderet
320 2048 430 2102 haedos
448 2045 546 2100 Medic.
588 2046 632 2099 Sic
650 2045 801 2100 conueniret
818 2065 879 2099 cum
897 2066 921 2099 v.
941 2063 956 2118 7
976 2062 1003 2102 et
1021 2067 1054 2121 9,
1088 2050 1133 2104 sed
1150 2054 1178 2105 in

151 2146 239 2212 merg.‘
252 2155 347 2210 ugnos.
387 2133 514 2205 pasceret
534 2150 623 2201 agnos
641 2131 732 2202 fragm.
755 2132 861 2185 Moreti.
954 2139 985 2191 18
1002 2139 1040 2190 A.
1057 2157 1128 2209 ergo
1151 2158 1174 2194 e.

148 2222 276 2285 Rouend.
301 2220 348 2273 sec.
427 2235 464 2289 19'
478 2218 593 2269 alternis
611 2217 712 2288 Musae
735 2216 863 2289 cectntffe
881 2219 1019 2275 volebant
1043 2243 1175 2296 nusquam

149 2312 258 2385 legiturz
293 2303 366 2378 quod
387 2302 470 2374 mugit
490 2300 639 2373 expeditum
658 2301 728 2357 effet.
776 2308 900 2360 alternos
917 2310 959 2360 Μ.
982 2328 1018 2362 m.
1041 2311 1174 2368 volebam

147 2395 246 2455 Medic.
262 2410 321 2445 cum
335 2389 440 2461 Meuug.
455 2403 481 2440 et
501 2405 550 2459 pro
562 2405 612 2439 ver.
626 2387 686 2442 lect.
700 2391 729 2442 in
743 2391 854 2456 Monet„
873 2394 908 2447 vti
923 2394 995 2447 Seru.
1013 2393 1078 2448 alios
1091 2395 1175 2468 legere

150 2472 201 2541 uit,
219 2495 246 2533 vt
256 2477 289 2532 lit
305 2473 405 2528 senius:
439 2474 592 2543 Optabam,
622 2493 637 2526 o
661 2475 776 2546 Musae,
805 2479 957 2552 meministi
976 2482 1116 2545 alternos,
1143 2483 1170 2536 ln

150 2573 260 2627 omnia,
291 2580 364 2634 quae
390 2559 535 2619 dixerunt,
577 2573 686 2622 tenere,
726 2581 793 2616 nam
817 2580 843 2617 et
863 2565 891 2617 in
910 2565 961 2618 line
983 2566 1099 2621 dicturus
1118 2568 1170 2622 ollt

148 2657 228 2711 Haec
246 2654 365 2702 memini.
401 2646 432 2698 ln
451 2641 548 2714 vulgari
571 2641 699 2708 lectione,
721 2665 800 2719 quem
812 2665 900 2705 tumen
912 2650 1019 2705 Meffiue
1032 2652 1171 2709 trofimus

149 2756 177 2793 et
189 2736 295 2791 Nonius
309 2729 447 2786 Marcellus
468 2727 622 2799 agnoscunt,
646 2731 733 2784 ieiune
751 2731 788 2787 est
804 2735 943 2799 sententie,
968 2724 1127 2811 quocunque
1146 2755 1171 2809 te

149 2839 246 2884 vertts3
271 2819 324 2872 lino
342 2833 369 2870 vt
388 2815 422 2868 ed
440 2813 493 2867 duo
516 2812 627 2884 polloret
646 2815 784 2879 referatur,
809 2821 875 2873 vtin
888 2821 962 2873 Note
979 2821 1045 2884 feci,
1076 2822 1131 2878 [ωε
1144 2841 1170 2879 vt

149 2909 185 2964 ed
205 2904 380 2962 Meliboeam,
407 2915 433 2953 vt
456 2899 533 2971 vulgo
559 2901 697 2971 accipitur3
729 2919 754 2956 vt
774 2902 819 2957 lit:
859 2907 961 2976 Musae
975 2910 1168 2962 volebantme

148 2991 302 3064 memlm'ffe
322 2990 463 3050 alterno-tf
485 2985 512 3038 h.
528 2984 659 3040 iubebant.
694 2988 785 3042 Museo
799 2989 889 3046 iubent
905 3009 1011 3056 cenete,
1035 3011 1091 3047 non
1109 3013 1168 3048 vero

153 3180 327 3246 13-15.
369 3176 414 3234 Ea
439 3173 516 3232 facie
541 3174 592 3234 ille
620 3195 637 3234 a
678 3197 792 3255 agnos,
813 3177 1042 3244 hamati-ibus.
1061 3203 1091 3241 v.
1102 3183 1166 3246 Ect

147 3279 255 3343 nostris
296 3296 421 3361 quoque
463 3272 637 3335 hominibus
677 3280 708 3352 1,
728 3302 777 3341 22.
806 3281 866 3355 111,
885 3286 944 3356 82,
971 3300 1065 3368 atque
1086 3286 1166 3346 adeo

148 3374 334 3442 describitur.
359 3377 405 3438 cf.
419 3377 496 3437 Aen.
509 3377 551 3448 X,
567 3378 637 3440 205.
676 3381 811 3443 infirmos
842 3399 874 3444 et
910 3406 1000 3446 curae
1036 3387 1168 3470 diligen·

137 3483 244 3563 sacra
264 3501 408 3563 quercus.
448 3479 506 3540 Ge.
525 3477 572 3551 ll,
599 3477 636 3542 16
676 3487 758 3544 tioris
772 3501 906 3568 egentes.
953 3508 1000 3568 ¹9·
1019 3488 1169 3549 alternos

147 3585 284 3644 habitae
333 3582 445 3643 Graiis
500 3582 637 3640 oracula
676 3587 791 3664 Musae
806 3588 982 3670 memimffe
998 3589 1166 3651 volebant.

146 3705 294 3769 quercus.
356 3687 544 3745 Ornamenta
568 3682 637 3746 sunt
677 3689 710 3747 Si
731 3688 807 3750 haec
826 3711 898 3751 vera
926 3691 1019 3753 lectio
1041 3689 1101 3766 est,
1132 3697 1167 3754 in

146 3793 244 3871 petita
267 3808 305 3847 ex
325 3787 482 3850 Theocriti
508 3787 540 3861 1,
567 3790 634 3849 106.
677 3789 758 3852 hunc
768 3793 894 3853 modum
907 3795 1092 3875 exponenda
1106 3797 1169 3856 fon·

150 3911 220 3970 107.
248 3889 329 3949 conf.
351 3892 421 3952 uel.
449 3891 482 3965 1,
505 3894 547 3970 54
571 3890 634 3973 sqq.
676 3909 708 3953 te
722 3892 774 3955 fit:
801 3895 917 3969 Musae,
944 3919 1031 3978 quae
1049 3913 1169 3960 amant

145 3996 222 4055 Mox
244 4006 409 4052 certamen
433 4016 492 4075 pro
518 4009 637 4055 certan-
676 3997 823 4071 alterna,
850 3999 913 4058 Ecl.
929 3998 990 4071 111,
1008 4004 1061 4080 59,
1086 3999 1169 4062 hanc

145 4097 236 4160 tibus.
675 4099 776 4182 legem
795 4105 935 4162 carminis
952 4101 1098 4164 dicebant
1106 4149 1117 4178 ‚
1137 4120 1172 4166 vt

213 4200 260 4264 15.
294 4197 453 4279 Depulsos
489 4220 513 4260 a
549 4201 636 4262 tacco
675 4203 807 4266 alternos
828 4204 928 4278 versus
949 4205 1169 4284 meminillent,
