2692 4914
14 348 96 430 ,ιο
179 250 192 383 f
253 321 301 396 Ρ.
323 323 600 400 v1ao1L11
634 327 925 406 oraaoms

21 507 221 600 Pandere,
246 533 329 609 quo
348 533 430 610 que
441 510 576 587 modo
594 511 727 590 caelis
743 517 828 587 iam
842 511 952 615 saepe
962 521 1094 591 iuuenci

26 643 244 723 tntincerus
262 668 355 743 apes
371 642 509 718 tulerit
525 672 672 723 cruor.
715 647 849 723 Altius
864 675 1012 726 omnem
1045 647 1095 724 aii

23 778 246 879 ¹Expediam
269 783 396 877 prima
425 799 622 880 repetens
652 782 709 856 ab
735 789 894 884 origine
913 783 1047 858 lamam

32 905 135 996 Nam
159 934 238 1013 qua
257 910 405 986 Pellaei
431 937 529 1013 gens
560 912 781 989 fortunata
812 919 964 1018 Canopi

110 1113 165 1179 284
182 1107 273 1182 ceresta
296 1118 358 1165 tam
374 1110 465 1184 forte
496 1119 519 1167 i·
546 1133 594 1186 pr.
619 1116 733 1169 Mutet.
818 1118 877 1172 aaa
892 1125 988 1190 patria
1005 1132 1098 1188 repetent

37 1197 109 1252 Van.
144 1204 270 1267 primam
290 1197 378 1250 Goth.
394 1217 437 1269 pr.
517 1200 574 1267 287
595 1201 682 1254 Nam
707 1219 804 1269 qaam
825 1203 933 1256 Medic.
971 1220 1034 1274 qm
1047 1199 1097 1254 ont

38 1282 144 1346 Pallet,
156 1281 249 1343 Pelet,
261 1282 357 1345 Pelei,
368 1282 508 1337 nonnulli.
533 1285 636 1340 Penei
648 1289 754 1340 Fratre.
783 1285 833 1341 Est
847 1293 956 1353 Πέλλα,
971 1292 1087 1343 nimae

43 1461 132 1508 nnnc
158 1439 283 1501 Eclthel
308 1442 408 1502 Numi
429 1459 494 1507 vet.
523 1467 560 1526 p.
608 1441 678 1506 effe
699 1451 777 1509 eina
796 1447 913 1531 apibus
928 1463 1099 1531 propterter·

49 1546 122 1608 108.
160 1557 195 1605 et
227 1544 386 1605 Doctrina
421 1546 561 1607 Numor.
607 1561 720 1608 tatam
742 1548 849 1613 abeo
863 1551 1041 1636 Eurydicen,
1059 1550 1099 1607 Or·

46 1662 111 1711 vet
122 1645 160 1706 P.
173 1643 215 1718 11,
231 1666 265 1726 p.
279 1648 345 1710 326
371 1645 412 1708 ad
424 1666 562 1707 numum
605 1646 692 1728 phei
717 1656 921 1737 coniugem
951 1652 1099 1733 expimtim

50 1751 147 1814 crae.
206 1748 290 1808 Sane
315 1762 350 1808 et
376 1747 441 1830 ipse
464 1749 562 1811 Maro
607 1746 677 1810 elle
698 1749 870 1836 flagitium
893 1771 927 1816 et
954 1755 1100 1836 placandta

50 1853 134 1915 inira
155 1870 186 1911 v.
207 1853 271 1930 317
294 1848 360 1931 sqq.
410 1848 563 1934 Cyrenen
605 1852 853 1936 Nympharum
897 1864 983 1918 iram.
1041 1858 1100 1916 Tan

52 1960 90 2019 in
108 1950 264 2015 Thellalia
286 1952 471 2027 collocanti,
501 1955 563 2014 Pe-
605 1951 780 2017 Aristaeno
808 1962 848 2018 in
874 1957 1046 2020 Thellalian
1067 1976 1099 2016 re

54 2061 110 2121 nei
141 2060 239 2138 patria
267 2071 359 2116 antra
383 2053 563 2117 inhabitan-
606 2055 677 2114 dux
713 2057 848 2119 sacrum
885 2075 986 2142 parat,
1025 2057 1098 2119 uasat

56 2175 133 2230 tam,
155 2157 256 2239 ipsum
270 2173 377 2219 autem
390 2153 563 2218 Aristaeum
605 2157 778 2240 Nymphis
799 2167 944 2223 victimas
958 2168 1097 2223 interiore

56 2262 182 2338 Tempe
217 2256 380 2319 incoluisse
413 2258 564 2343 fignificat
606 2260 741 2322 relictas
767 2266 888 2344 paullo
903 2263 972 2348 post
985 2262 1094 2330 misma

57 2382 88 2424 v.
108 2363 184 2440 317.
236 2362 309 2440 284
338 2361 379 2419 Et
400 2363 564 2445 quomodo
607 2381 711 2441 apum
732 2369 892 2427 examina
915 2363 1094 2429 aestatibus

58 2467 122 2526 iam
158 2459 251 2543 saepe
292 2458 384 2522 caefis
421 2469 564 2526 iuuencis
606 2481 774 2546 prognata
799 2467 902 2528 videt.
1082 2478 1085 2484 “

61 2585 163 2628 cruor
179 2562 371 2640 insincerus,
398 2583 563 2648 corruptus
675 2568 743 2646 287
762 2602 812 2615 —
830 2572 908 2651 293.
953 2567 983 2630 h.
1001 2587 1049 2650 per
1063 2581 1093 2626 to·

61 2668 304 2748 exputredine,
329 2667 461 2737 taleme,
489 2691 564 2750 pro-
606 2680 672 2724 tam
705 2670 912 2753 Aegyptum.
975 2672 1094 2750 lntet'ptt·

63 2770 186 2843 tulerit,
247 2774 421 2854 generarit,
474 2790 563 2851 apes.
606 2781 677 2826 tum
737 2770 958 2835 aestuantium
994 2789 1093 2834 oontnt

66 2875 140 2938 286.
171 2893 302 2933 omnem
320 2874 474 2956 famam,
516 2877 564 2933 rei
606 2889 873 2938 commemorare
916 2877 962 2937 nil
1003 2879 1093 2935 attinet.

63 2979 268 3050 memoriam,
344 2979 563 3036 narrationem.
605 2971 786 3036 Videamus
845 2976 978 3063 lingula.
1032 2990 1094 3054 gart

66 3077 221 3139 Ordinem
245 3091 351 3138 autem
380 3081 564 3139 narrationis
597 3073 815 3154 fortunata,
865 3103 885 3141 a
909 3097 1005 3141 terrae
1021 3078 1093 3138 feliti-

61 3185 119 3243 ita-
160 3176 332 3241 constituit:
396 3176 564 3241 Arillaeum
606 3191 689 3248 tate,
737 3178 795 3240 feu
816 3181 981 3243 fertilitate
1000 3201 1033 3241 ex
1047 3177 1092 3240 lili

62 3284 187 3361 Tempe
217 3280 389 3344 Thellaliae
426 3282 565 3342 incolen-
605 3281 826 3343 incrementis.
897 3287 1053 3366 Οωιορω,
1079 3274 1092 3339 l

63 3399 130 3445 tem
146 3401 241 3464 apum
257 3388 398 3444 examina
412 3383 464 3443 lue
484 3381 564 3466 gras-
605 3372 767 3460 Kdvossoc,
788 3385 933 3470 Aegypti
950 3386 1024 3457 vrbs,
1041 3397 1092 3442 rot

64 3485 151 3549 sante
173 3483 309 3548 amittite.
353 3482 564 3569 conquestum
605 3481 701 3563 longe
722 3483 765 3542 ab
785 3489 996 3557 Alexandria:
1020 3502 1089 3567 quta

66 3587 274 3649 calamitatem
310 3587 394 3669 apud
432 3603 564 3648 matrem
605 3583 781 3664 quodiam
797 3591 970 3662 Martinus,
988 3593 1028 3649 tir
1042 3585 1089 3646 ete·

65 3709 137 3752 cum
159 3686 328 3767 iillet,sab
356 3689 415 3750 hac
437 3687 564 3771 respon·
604 3689 706 3767 gantis
729 3690 864 3767 iudicii,
902 3695 994 3767 vidit,
1025 3689 1088 3749 ood-

64 3791 131 3857 sum
164 3795 302 3872 accepit,
346 3793 492 3852 Proteum
528 3796 563 3854 in
604 3786 765 3850 dentalem
808 3795 950 3880 Aegypti
992 3806 1086 3876 pam

63 3893 193 3956 Pallene
213 3895 277 3972 392
301 3893 341 3954 de
360 3890 460 3953 caulla
488 3891 569 3953 mali'
603 3887 745 3974 defignat
776 3892 844 3972 (est
866 3904 953 3959 enim
976 3894 1084 3972 Canopi·

63 4013 98 4060 at
118 3992 240 4056 medela
255 3990 315 4055 elle
330 3994 560 4056 consulendum.
603 4013 674 4053 cum
699 4000 841 4076 primum
862 3997 905 4058 ab
928 3993 1082 4060 occidentali

63 4100 137 4162 adit
169 4099 291 4157 iuuenis
330 4096 479 4157 Proteum
521 4119 559 4160 ex
599 4095 698 4157 latere
725 4099 793 4159 Nili
826 4098 977 4182 ostium);
1018 4094 1081 4158 mdt

61 4221 164 4286 eoque
188 4199 274 4264 audit
291 4197 377 4261 luem
397 4195 559 4261 immillam
599 4197 740 4286 Aeschyl.
763 4206 802 4268 in
817 4203 977 4268 Promea
994 4224 1018 4267 a.
1031 4194 1078 4277 ati
1137 4274 1139 4279 ι
