2700 4906
288 316 365 418 ,aa
496 300 819 391 evtaotttt
849 296 1129 376 Mtaoats

289 497 403 578 Haud
424 517 616 598 quaquam
638 491 690 567 ob
711 494 891 567 meritum
911 511 1084 590 poenas,
1123 489 1165 560 ni
1180 486 1264 559 Fata
1281 507 1324 557 re

922 621 1063 716 fistant,
1267 616 1325 702 455

295 765 471 848 suscitati
487 778 546 837 ,et
571 778 679 862 rapta
704 763 869 861 grauiter
893 785 967 861 pro
994 763 1162 858 coniuge
1188 751 1299 828 saeuit.

298 904 366 979 llla
382 897 554 1002 quidem,
572 895 667 971 dum
688 912 727 969 te
740 891 888 994 sugeret
899 920 971 995 per
981 893 1141 966 flumina
1159 912 1327 993 praecepa,

177 1112 181 1117 .
299 1043 497 1114 Inmanem
516 1049 605 1106 ante
627 1029 744 1132 pedes
762 1028 926 1125 hydrum
947 1032 1138 1102 moritura
1161 1023 1281 1130 puella

214 1248 220 1263 '
304 1254 365 1293 anta
378 1231 486 1295 Heius,
506 1247 533 1286 vt
547 1249 608 1303 part
623 1229 749 1284 librorum
767 1227 864 1290 habet,
888 1243 915 1282 et
930 1230 1002 1286 iuter
1019 1229 1075 1283 bot
1091 1230 1238 1283 Romanus.
1273 1241 1330 1277 τοι

267 1388 274 1401 ι
304 1322 387 1396 mtffa
403 1322 457 1372 tibi
476 1318 542 1371 thor
562 1318 680 1388 iungere,
706 1315 813 1371 semim
831 1329 915 1368 notat.
995 1318 1050 1384 455
1072 1333 1244 1388 quamam
1258 1313 1331 1363 stane.

302 1405 459 1463 ctGudirn.
475 1421 490 1455 a
504 1422 539 1455 m.
555 1421 595 1474 pr.
611 1420 673 1454 cum
685 1401 737 1454 Eri.
777 1399 911 1472 quodque
924 1399 1033 1453 zulich.
1074 1402 1118 1454 ad
1130 1409 1269 1457 meritur,
1287 1395 1334 1447 [ab

303 1511 353 1568 pro
368 1491 475 1552 metito,
496 1487 678 1542 coniectabam
692 1485 851 1556 aliquando,
878 1504 938 1538 cum
955 1487 1086 1550 heisk303
1120 1488 1186 1539 dum
1207 1483 1271 1536 male
1288 1482 1334 1533 iaa-

304 1577 415 1650 gebam:
457 1593 568 1644 poenas
590 1573 715 1644 suscitar
742 1570 823 1624 haud
852 1590 998 1642 quaquam
1020 1574 1059 1624 ob
1088 1581 1235 1630 meritum,
1277 1566 1332 1618 ἀπα

305 1664 408 1719 Seruio.
448 1658 501 1714 sad
521 1660 592 1730 iuug.
615 1658 784 1731 miserabilis
805 1656 887 1710 haud
909 1677 1059 1729 quaquam
1083 1659 1122 1710 ob
1142 1665 1280 1713 merita:
1297 1654 1336 1704 'ttr-

308 1769 361 1823 que
380 1748 476 1802 Manet
488 1744 589 1812 Orphei
607 1744 730 1815 placandi
749 1743 821 1797 sunt:
847 1762 871 1795 v.
888 1744 955 1810 5453
984 1760 1013 1798 et
1026 1742 1067 1797 est
1088 1741 1158 1812 ἄγοι
1176 1737 1333 1799 commissum,

308 1836 385 1891 cuius
404 1848 505 1904 poenae
526 1829 616 1883 Furiae
640 1845 780 1900 appetunt,
806 1847 857 1882 nec
885 1827 933 1881 nifi
950 1830 1109 1901 expiatione
1130 1829 1200 1883 sacta
1220 1825 1334 1880 ηεοόιωι.

308 1918 364 1990 rrifi
392 1904 439 1972 alt.
470 1915 597 1969 Rottend.
641 1912 768 1986 refistuat
801 1915 918 1985 quidam.
968 1916 1113 1986 resoltarrt
1144 1929 1229 1987 qum·
1254 1912 1335 1965 More

307 2009 360 2075 457
375 2022 427 2075 por
436 2000 549 2073 sunem
567 2015 625 2054 tert.
640 1999 782 2064 hottend„
801 1999 846 2055 sed
859 1999 911 2053 vid.
926 2001 1021 2054 burm.
1094 2001 1150 2069 458
1168 1998 1284 2073 hydram
1296 1995 1336 2049 [tc.

308 2104 433 2165 atquem
447 2088 545 2144 Morec
559 2104 576 2139 ι
587 2104 623 2140 tn.
640 2103 679 2158 pr.

308 2245 386 2310 haec
417 2243 474 2305 tibi
507 2259 666 2326 tamquam
697 2261 803 2322 poena
843 2255 904 2303 tur.
957 2244 1036 2320 456.
1062 2259 1171 2325 rapta
1190 2262 1252 2324 pro
1271 2259 1334 2302 coa·

307 2348 424 2410 inflicta
448 2343 500 2408 est.
551 2335 625 2428 ἔτην
650 2344 801 2434 describit,
844 2349 938 2423 iuge,
965 2349 1152 2408 verecunde
1173 2361 1266 2429 poeta
1284 2347 1335 2401 vim

307 2449 477 2534 piaculum,
501 2451 585 2507 ineo
601 2445 801 2518 commissum,
844 2464 965 2521 narrat,
1004 2471 1105 2531 quam
1127 2447 1276 2511 Aristaeus
1300 2452 1336 2505 in·

308 2554 395 2639 quod
421 2551 590 2635 Eurydicae
620 2548 716 2608 caussa
745 2551 803 2609 suit
844 2552 924 2611 serre
947 2552 1045 2611 voluit
1066 2552 1194 2633 Orphei
1217 2554 1334 2632 coniugi.

309 2659 433 2724 mortis:
460 2674 538 2735 quae
558 2649 663 2734 postea
684 2652 803 2733 Orphei
844 2653 1072 2714 Obscuritatem
1097 2655 1221 2716 vatibus
1241 2654 1335 2714 sollen-

307 2762 403 2821 morti
420 2752 519 2816 caussa
534 2757 600 2815 fuit.
646 2755 802 2834 Orpbeus,
841 2777 914 2817 nem
933 2752 1114 2815 affectatam
1131 2756 1193 2817 effe
1211 2779 1229 2817 a
1244 2759 1335 2817 Maro·

309 2858 430 2943 Orphei
450 2858 572 2930 vmbra,
607 2859 715 2917 Manes
743 2858 802 2917 Or·
842 2879 882 2917 ne
905 2853 1100 2918 existimabat
1123 2862 1289 2921 Meierotto
1308 2864 1336 2919 in

306 2962 393 3046 phei,
416 2982 488 3023 nam
504 2959 624 3040 Orphei
639 2981 721 3019 mors
741 2963 802 3018 iam
842 2958 953 3019 Dubiis
983 2982 1015 3039 p.
1046 2982 1096 3021 ιι.
1149 2964 1263 3024 Saltem
1285 2983 1334 3043 per

307 3082 376 3128 tum
418 3062 598 3145 subsequuta
640 3077 706 3122 erat
746 3061 801 3122 inf.
843 3060 988 3143 ambages
1028 3062 1191 3126 sciscitanti
1238 3069 1332 3125 iuueni

308 3187 372 3251 520
395 3166 435 3249 sq.
500 3163 593 3223 harad
635 3186 801 3247 qraaquam
841 3166 889 3237 id,
912 3166 999 3246 quod
1017 3165 1212 3248 quaesierat,
1237 3170 1332 3248 aperit

307 3271 350 3332 ob
383 3271 553 3339 meritum,
597 3274 707 3328 merito
736 3267 799 3340 su0,
903 3272 977 3345 457.
1007 3268 1154 3346 fugeret
1174 3288 1332 3347 praeceps,

307 3370 522 3449 miserabilis,
561 3367 706 3444 suscitat
739 3368 802 3428 eibi
842 3374 1004 3449 praecipiti
1024 3373 1132 3441 cursu:
1157 3394 1221 3454 por
1230 3371 1333 3452 sturni·

305 3474 369 3534 stas
379 3493 517 3554 poenas,
547 3474 627 3532 forte
649 3464 800 3554 τοιητικῶ·
828 3493 905 3556 ¹na,
928 3469 957 3534 h.
973 3477 1072 3552 ripam
1089 3473 1237 3546 fluminis,
1257 3494 1333 3555 prae·

304 3598 392 3658 repat
423 3576 572 3642 Poenas,
614 3571 643 3632 h.
679 3575 800 3644 Furias;
843 3589 889 3634 ter
910 3574 1039 3636 flumen.
1095 3577 1224 3639 Nomen
1244 3578 1332 3638 flumi-

306 3683 343 3741 ni
358 3680 440 3736 Fata
453 3674 610 3753 restflant,
626 3673 655 3734 h.
670 3677 800 3736 Parcae:
843 3681 890 3738 nis
918 3694 1015 3757 poeta
1044 3699 1113 3739 non
1145 3687 1332 3760 pronuntiat:

305 3781 387 3843 conf,
410 3777 524 3858 Spanh.
546 3779 585 3837 de
607 3775 714 3858 praest.
735 3780 801 3838 Nu·
842 3779 1015 3860 cogitabam
1055 3783 1094 3841 de
1136 3785 1260 3857 Peneo,
1298 3780 1331 3840 ad

306 3883 401 3944 mism.
424 3881 461 3943 T.
479 3879 516 3951 11,
541 3902 560 3959 p
587 3883 649 3959 659
667 3880 723 3963 sq.,
744 3877 799 3940 nisi
841 3904 935 3965 quem
980 3880 1136 3946 Aristaeus
1185 3884 1331 3946 habitabat

304 3990 349 4047 ita
372 3987 520 4052 euenerit,
541 3998 571 4042 vt
587 3982 641 4043 tibi
657 3998 800 4043 auerten·
841 3985 880 4045 vs.
903 3987 966 4048 316
1000 3985 1052 4044 alii
1079 3987 1120 4047 de
1138 3989 1253 4049 Hebro.
1282 3984 1328 4069 by·

304 4089 411 4150 darum
429 4089 561 4148 dirarum
577 4101 608 4147 et
629 4086 799 4165 expiandae
841 4086 912 4146 drus
929 4085 1069 4148 seruabat
1085 4095 1200 4170 ripam,
1221 4107 1251 4152 et
1266 4091 1329 4150 late·

197 4203 202 4211 “
305 4192 413 4274 culpae
432 4196 513 4256 ratio
533 4211 569 4252 ac
588 4194 636 4254 via
651 4186 800 4254 monstre-
841 4188 895 4253 bat
913 4191 950 4251 ia
969 4190 1089 4271 herba,
1110 4215 1181 4261 non
1194 4200 1327 4258 mamae.
