2692 4914
144 285 219 337 κη
463 258 853 338 PRAEFATIO

145 489 234 543 eum
253 463 367 563 legas.
407 461 626 564 infringitur
638 470 740 542 enim
758 461 999 538 animimodo
1016 459 1064 536 ad
1083 471 1177 562 pee-
1236 478 1239 484 ’

146 617 235 691 tam,
261 600 378 674 mode
394 599 443 671 ad
458 620 795 675 commentatorem
816 597 984 674 conuerti
1006 601 1179 687 intentio,

148 752 187 810 et
201 733 410 810 retardatur
421 737 602 833 impetum
628 753 759 835 pectue
778 759 878 825 vere,
905 733 1011 835 quod
1031 755 1184 830 magna·

149 892 245 958 rum,
269 865 490 959 sublimium,
518 886 557 941 et
577 867 884 968 pulcerrimamm
904 895 1028 942 rerum
1048 891 1093 941 ac
1107 862 1185 937 sen·

151 1006 353 1077 tentiarum
368 998 493 1102 spiritu
513 1002 730 1093 incaluerat,
742 1067 748 1073 .
759 1001 914 1077 subinde
927 999 1185 1100 uestigat-atum

152 1154 336 1211 euocetur
355 1160 461 1210 mene
480 1136 528 1210 ab
550 1142 674 1236 eperia
696 1135 833 1211 summa
854 1157 893 1213 et
921 1136 969 1210 ab
992 1129 1187 1208 vniuersae

153 1272 297 1344 virtutis
314 1294 360 1344 ac
378 1265 622 1371 praestantiae
639 1277 871 1370 cognitione,
900 1295 998 1372 quae
1016 1293 1097 1343 non
1111 1285 1189 1338 tam

155 1406 196 1477 in
218 1399 365 1502 singulis
391 1403 504 1477 rebue
528 1429 642 1503 quam
668 1410 708 1478 in
734 1410 897 1507 partium
918 1409 1016 1478 inter
1040 1399 1075 1475 se
1098 1423 1190 1474 con·

155 1539 343 1611 venientia
358 1556 396 1613 et
412 1537 461 1611 ad
484 1564 686 1614 commune
700 1536 895 1614 confilium
914 1535 1192 1636 conspiratione

158 1673 339 1761 cernitur;
380 1697 427 1747 ex
442 1669 589 1772 singulis
605 1689 750 1745 tantum
764 1691 803 1746 et
815 1675 965 1746 minutia
980 1667 1098 1746 modo
1113 1663 1192 1739 sen-

158 1807 282 1878 tentiis
296 1804 413 1879 modo
434 1805 555 1881 verbis
569 1803 760 1901 aestimare
774 1825 945 1906 poetam,
972 1823 1010 1881 et
1026 1801 1134 1904 &epe
1152 1797 1193 1874 id

64 1938 67 1946 '
159 1935 258 2011 adeo
282 1936 330 2012 ad
349 1938 499 2013 alteriue
521 1957 665 2011 tantum
689 1957 821 2016 nutum
845 1957 884 2014 et
907 1936 1035 2011 nasum
1054 1934 1193 2027 secere&

162 2067 352 2160 discimus3
381 2097 458 2174 quo
479 2068 557 2171 ipso
575 2071 774 2170 voluptatis
799 2096 847 2146 ex
867 2074 1041 2148 carminis
1067 2067 1195 2143 dulce·

162 2201 253 2277 dine
264 2202 470 2304 capiendae
484 2181 617 2303 magna
630 2230 713 2305 pars
727 2210 971 2306 intercipitur,
993 2229 1103 2305 quae,
1120 2207 1185 2276 iau

162 2359 233 2438 per
248 2333 362 2437 ipsam
382 2363 430 2414 ex
452 2337 704 2415 retardatione
726 2337 950 2432 molestiam,
971 2336 1198 2418 nonadma·
1227 2404 1230 2409 Α

164 2468 256 2545 dum
270 2475 441 2545 imminui
453 2498 532 2545 non
550 2491 709 2572 poterat.
748 2477 849 2550 Huic
863 2491 990 2548 tamen
1003 2471 1106 2547 malo
1120 2495 1199 2546 me-

164 2601 250 2680 dela
273 2622 400 2705 parata
421 2601 472 2678 est
494 2629 541 2678 ex
565 2610 721 2706 repetita
753 2606 929 2684 lectione.
992 2610 1200 2681 Enimuero

164 2761 239 2813 nec
268 2741 433 2813 minoret
467 2734 702 2814 difficultates
736 2739 854 2839 ipsum
880 2758 1058 2841 premunt
1085 2744 1201 2816 imon

165 2887 323 2973 pretam.
374 2876 549 2973 Namque
568 2876 648 2945 eius
665 2891 704 2946 et
717 2878 910 2972 ingenium
934 2899 1063 2949 rerum
1077 2876 1202 2945 minu·

165 3019 289 3076 tarum
306 2998 451 3078 infinita
468 3009 578 3105 eopia
594 3030 640 3080 ac
654 3004 852 3081 subtilitate
873 3006 1049 3095 obtundi,
1069 3003 1205 3082 obseu-

166 3156 286 3234 mque
306 3160 420 3236 opem
435 3135 631 3226 obscurari,
661 3156 716 3228 et,
738 3138 830 3214 dum
851 3145 893 3217 iu
914 3140 1079 3213 alierum
1101 3135 1206 3216 seniis

167 3264 342 3338 acuendo
356 3265 527 3359 desudat,
548 3275 742 3370 proprium
754 3269 896 3347 sensum
911 3272 1023 3349 obrui
1037 3292 1077 3347 et
1088 3272 1208 3348 habe-

168 3397 240 3465 wi
259 3393 404 3471 necesse
420 3395 483 3475 est.
537 3404 610 3491 lta,
637 3401 729 3477 dum
754 3404 921 3513 undique
938 3424 979 3481 et
995 3406 1046 3482 ad
1063 3404 1210 3506 singula

167 3522 299 3613 W·
334 3528 469 3628 quihus
490 3530 613 3635 aliqua
627 3532 841 3628 difficultas,
873 3540 1104 3615 eduliorum
1124 3544 1211 3643 qui-

170 3649 260 3725 Μ
279 3658 574 3758 hiidiifflfifflt
593 3666 857 3751 tdheetesoere
875 3674 976 3750 forte
987 3673 1113 3776 poffit,
1139 3679 1213 3752 cin*

172 3783 332 3862 ffllsffl
353 3808 389 3866 Q(
409 3794 568 3872 intendit
586 3803 769 3895 alimum,
793 3806 912 3881 muln
930 3809 1126 3887 inmdum
1147 3835 1216 3885 00.

173 3935 325 3989 ΨΜ
343 3915 457 3997 titan
481 3934 602 4005 ninus
623 3956 712 4009 eum
733 3961 776 4012 re
794 3947 1019 4033 ennianum
1055 3962 1098 4019 et
1109 3946 1216 4019 exci-

176 4040 638 4160 fflfflttmu,
681 4069 1217 4171 quoa-aumnamau
