2692 4914
145 346 495 425 GEORGICON
515 349 615 425 LIB.
641 353 710 446 IV,
727 350 943 426 356-366
1045 377 1122 451 727

10 494 25 541 Ξ
69 540 348 642 speluncisque
368 539 472 615 lacus
493 538 655 630 clausos,
689 541 872 642 lucosque
895 539 1066 631 sonantis,

10 639 26 682 ι
70 677 175 764 Ibat,
196 693 246 765 et,
270 678 413 774 ingenti
429 672 776 775 motustupesactua
792 701 984 777 aquarum,
1037 671 1113 749 565

10 779 19 822 ⁵
71 814 213 886 Omnia
236 808 301 883 sub
325 837 461 912 magna
483 811 647 886 labentia
670 806 824 884 flumina
849 829 948 885 terra

68 1008 295 1052 rerumrerum
312 991 345 1048 in
362 991 482 1050 iuuenis
506 994 571 1062 ani·
613 1011 673 1073 qua
691 994 787 1073 regia,
809 992 842 1050 in
864 1009 923 1070 qua
946 988 988 1048 dii
1011 984 1109 1061 fluuii,

68 1114 145 1166 mo,
179 1112 369 1175 quamquam
391 1098 476 1174 graui
499 1114 571 1152 cura
612 1094 809 1176 sontiumque
834 1089 1015 1174 Nymphae,
1057 1088 1110 1149 sua

68 1192 228 1278 oppresso,
252 1198 376 1275 egregie
394 1202 571 1267 memorari,
612 1197 736 1276 palatia,
780 1194 848 1255 suos
877 1192 1026 1254 thalamos
1056 1189 1111 1250 ha·

67 1303 282 1380 unusquisque
311 1297 398 1357 sacile
431 1299 568 1359 animad·
611 1295 719 1369 beant,
756 1319 888 1391 quorum
924 1316 1018 1356 vnum
1048 1293 1109 1376 Cy·

66 1415 180 1461 vertat.
215 1399 437 1460 Telemachum
453 1402 570 1461 Home·
610 1421 687 1464 reue
711 1422 780 1460 cum
803 1400 860 1467 suia
881 1397 1032 1482 Nymphis
1063 1411 1109 1456 te·

65 1506 169 1564 ticum
203 1518 316 1583 poetae
351 1500 456 1563 nostro
496 1518 568 1563 anta
610 1502 714 1564 nebat.
765 1503 940 1562 Secundum
964 1499 1040 1561 haee
1063 1498 1108 1559 sa-

65 1606 179 1670 oculos
193 1602 279 1666 suille
296 1605 444 1665 versatum
461 1602 567 1689 Odyss'.
611 1607 668 1666 cile
686 1606 931 1676 erit'intellectu,
954 1603 1028 1687 quid
1048 1597 1108 1662 fiat

64 1710 95 1782 d,
125 1711 168 1788 43
195 1707 258 1790 sqq.
297 1707 425 1790 putabat
455 1707 566 1770 Cerda.
600 1707 772 1790 speluncis
786 1707 878 1766 lactes
891 1704 1002 1780 clausa,
1022 1703 1040 1764 s
1057 1709 1105 1764 in·

64 1813 231 1873 Grauioris
250 1815 400 1870 momenti
417 1832 464 1871 rea
481 1808 566 1882 esset,
606 1792 691 1882 ¹clusi,
723 1814 777 1892 qui
801 1810 868 1869 sunt
886 1813 920 1868 in
943 1808 1103 1889 speluncis,

61 1911 89 1975 fi
126 1926 211 1973 certo
246 1909 399 1973 affirmare
435 1910 565 1992 possem,
609 1910 638 1971 h.
655 1933 784 1995 magnae
799 1913 868 1973 illae
884 1931 1035 1975 cauernae
1055 1930 1106 1969 re·

61 2013 151 2076 vnde
183 2033 236 2086 ea,
276 2033 355 2096 quae
386 2013 565 2096 sequuntur,
609 2016 757 2096 cipiendis
791 2018 892 2097 aquis3
936 2033 1012 2096 quas
1046 2009 1104 2092 ipfi

62 2115 200 2179 hauserit
213 2130 316 2196 poeta.
347 2117 420 2179 Siue
435 2119 566 2179 Alexan·
607 2118 709 2186 sontes
745 2115 939 2176 scaturientes
973 2115 1102 2187 faciunt,

61 2220 190 2283 altinum
205 2215 268 2278 siue
283 2223 492 2302 antiquiorem
512 2222 566 2281 ali·
608 2237 639 2281 et
654 2220 736 2281 vnde
752 2241 831 2303 aqua
846 2219 1028 2299 exsuperans
1042 2237 1105 2286 am.

61 2342 163 2406 quem
192 2335 318 2402 poetam
348 2337 420 2382 ante
457 2324 565 2384 oculos
607 2329 654 2383 nis
670 2323 711 2383 srt.
740 2325 818 2385 Aen.
839 2321 919 2392 VIII,
934 2329 985 2400 74.
1001 2322 1041 2400 75
1063 2320 1104 2381 de

58 2427 173 2506 vtique
188 2421 313 2498 habuit,
339 2429 392 2506 qui
407 2425 446 2486 de
461 2447 565 2488 return
606 2426 774 2487 Tiberino:
815 2424 946 2506 Quota
974 2444 1103 2511 ermque

58 2524 239 2609 originibus
257 2524 408 2600 tradebat,
436 2543 468 2588 et
484 2529 565 2589 Oce·
608 2530 700 2588 lucras
713 2565 755 2576 -
776 2529 880 2587 Fonte
894 2542 996 2595 tanat,
1021 2547 1103 2608 quo·

58 2648 162 2690 anum
184 2631 323 2696 omnium
344 2629 472 2692 dearum
489 2630 565 2690 deo·
607 2628 736 2714 ermque
765 2630 843 2706 folo
882 2631 1103 2712 prrlcem'mur

56 2751 197 2814 numque
216 2746 353 2812 patrem,
391 2746 424 2793 et
451 2753 564 2815 aquam
608 2738 677 2797 exis
730 2733 1006 2809 lucossonantesr
1030 2750 1102 2790 cum

58 2853 252 2896 commune
276 2839 416 2893 omnium
458 2855 563 2895 rerum
607 2859 644 2898 ex
660 2838 716 2896 illis
735 2839 872 2900 cauernis
888 2849 954 2895 orta
972 2833 1102 2896 flumina

56 2940 252 3019 principium
273 2936 413 2997 canebat.
442 2937 479 2996 cf.
506 2937 560 2996 ins.
602 2940 775 3021 procedant
803 2938 993 3018 aliquantum
1030 2939 1100 2995 viae

55 3060 91 3099 v.
109 3039 183 3102 381.
199 3039 272 3101 382.
295 3054 327 3100 et
340 3040 400 3100 loc.
417 3060 454 3099 ex
472 3039 505 3099 Il.
522 3043 560 3117 φ,
603 3042 704 3102 subter
724 3057 821 3114 terra,
865 3039 966 3101 donec
994 3037 1033 3100 ad
1051 3034 1099 3095 su·

55 3139 186 3224 ‘195sq
250 3141 344 3205 Certe
380 3159 475 3223 poeta
512 3141 561 3203 hic
602 3166 691 3224 peras
713 3164 800 3204 auras
822 3143 994 3224 prodeant,
1024 3137 1097 3215 huic

54 3262 131 3306 non
160 3242 280 3306 sontem
309 3246 405 3306 Penei
430 3246 479 3306 sed
509 3268 561 3306 va·
602 3251 668 3316 viae
690 3247 793 3308 littora
814 3244 993 3306 nemoribus
1019 3237 1097 3302 obii.

57 3341 140 3408 [tam
161 3345 295 3428 aliquam
315 3368 480 3410 cauernam
507 3349 559 3410 sub
603 3364 651 3421 ta,
694 3370 775 3432 quae
796 3345 924 3429 strepitu
948 3367 1099 3432 aquarum

43 3460 146 3540 ‘terra
168 3464 289 3523 narrat,
328 3471 447 3534 equa,
483 3468 561 3512 tam·
603 3452 782 3511 alluentium
819 3450 981 3524 resonant,
1029 3466 1098 3510 non

59 3535 191 3633 quam-e
207 3558 364 3613 communi
381 3555 479 3626 sonte,
508 3553 561 3614 sed
602 3554 801 3614 incommode
830 3553 910 3613 dari
954 3567 1098 3633 potuere.

58 3648 191 3711 diuersa
226 3653 364 3732 partibus
402 3675 437 3715 ac
472 3655 559 3727 locis,
602 3658 700 3718 Aliter
734 3657 801 3715 luci
825 3655 990 3732 sonanter
1022 3653 1098 3713 dicti

57 3757 171 3814 omnia
192 3753 320 3817 flumina
348 3771 414 3818 orta
436 3757 561 3819 diuersis
603 3775 692 3820 eraut
714 3760 777 3821 Ecl.
799 3760 841 3834 X,
865 3761 917 3823 58.
973 3757 1098 3817 Seruitia

56 3859 120 3916 viis
142 3856 181 3916 ad
200 3872 300 3920 terrae
321 3859 509 3940 superficiem
530 3876 562 3921 et
604 3867 713 3926 miram
751 3860 803 3922 hle
838 3876 947 3923 notam
980 3856 1095 3918 habeta

60 3959 105 4019 ad
134 3958 216 4020 suam
240 3962 387 4044 quodque
409 3967 562 4046 originem
603 3968 752 4025 Haaa-
770 3961 1098 4045 aergyptr'r‘rtrao-

59 4077 237 4144 properent
265 4079 296 4124 et
320 4086 357 4125 ex
380 4081 461 4125 terra
489 4086 563 4146 pro·
606 4083 642 4127 ta
654 4068 740 4145 sant
749 4067 882 4144 saeris:
904 4084 983 4125 nam
998 4064 1097 4124 certis

61 4165 169 4228 deaut.
233 4163 284 4226 Est
316 4183 417 4229 tamen
454 4169 563 4228 eadem
606 4169 733 4234 diebus,
753 4169 907 4246 insereris
921 4165 1002 4235 Nili,
1018 4185 1099 4244 pue-

61 4263 120 4330 illa
153 4288 287 4333 cauerna
320 4285 479 4358 tamquam
511 4272 565 4336 ali-
607 4276 654 4351 n',
697 4269 741 4334 da
765 4271 877 4359 sacris
906 4268 1115 4356 pareatibus
