2692 4914
331 331 623 407 BVCOL-ICA
642 332 898 424 nen-Vm,
919 333 1023 406 t-6
1131 359 1201 431 1¹77

161 521 209 592 Et
229 534 380 590 mutata
400 516 483 592 suos
510 525 729 620 requierunt
749 516 903 591 flumina
931 516 1071 609 curlus5

161 656 347 725 Damonis
368 651 512 726 Mulnm
532 653 697 727 dicemus
734 671 772 725 et
803 651 1050 752 Alphesiboei.
1176 651 1200 727 5

208 789 276 860 Tu
299 788 395 861 mihi
418 785 481 862 scu
497 792 621 886 magni
643 787 790 889 superas
813 791 888 860 iam
905 785 988 859 saxa
1011 789 1171 880 Timaui,

226 972 308 1039 4Et
330 981 435 1026 mirata
452 971 526 1042 sicot
546 969 588 1024 ed.
606 966 690 1033 Vem,
723 969 796 1044 quod
813 969 872 1023 lane
888 968 1103 1044 placetepotest.
1137 967 1196 1042 sao

159 1055 260 1109 lindie„
281 1076 301 1110 n
317 1077 354 1110 m.
371 1078 411 1130 pr.
447 1061 591 1129 liquerunt
605 1055 726 1110 nonnulli
739 1058 806 1110 Pier.
820 1055 951 1109 et'lleinl.
967 1075 1027 1110 cum
1039 1057 1123 1110 Goth.
1138 1057 1197 1122 leta,

160 1161 188 1194 ex
207 1143 326 1196 indocta
348 1143 558 1215 interpolatione.
650 1143 878 1215 61nterpungitut
914 1143 954 1196 Tu
976 1142 1060 1208 mihi,
1086 1141 1194 1212 senet,

163 1227 219 1287 st.
240 1228 317 1280 mibi
326 1230 400 1299 sen.-
423 1228 496 1302 quod
509 1225 615 1281 Wakel.
633 1228 753 1300 loquitur.
793 1227 906 1289 Sufficit,
929 1228 1064 1300 vtrobique
1078 1230 1149 1284 mihi
1162 1248 1194 1286 ex

158 1331 233 1366 noto
256 1313 403 1368 abundato.
446 1312 505 1368 iam
523 1322 621 1385 magni
638 1313 761 1384 superas
778 1313 836 1383 seu
854 1312 970 1367 Parthas.

161 1473 198 1512 eo
223 1457 352 1514 moneri
374 1469 426 1513 ent
447 1453 592 1515 delectori
616 1453 661 1513 di·
702 1450 849 1513 Pollionis
867 1443 1048 1533 adscriptum
1060 1473 1125 1517 non
1142 1450 1194 1532 est,

159 1570 276 1615 nerent
329 1556 521 1634 filumino
539 1560 660 1638 requic-
702 1554 782 1615 forte
809 1554 850 1615 fic
878 1555 1014 1630 excuses,
1055 1560 1139 1639 quod
1158 1563 1194 1621 in

158 1673 232 1718 rnnt
262 1671 399 1717 mutata
420 1656 505 1734 ficos
538 1656 661 1734 cmfits,
701 1656 805 1716 fronto
833 1655 996 1717 voluminis
1031 1658 1106 1718 illud
1143 1660 1196 1720 ad·

158 1779 268 1840 gaece
284 1779 363 1841 pro:
383 1774 502 1821 mutato
517 1758 573 1820 luo
593 1780 660 1819 cur—
701 1757 844 1838 lcriptum
863 1773 937 1816 emt
993 1759 1196 1843 interpunge.

160 1860 208 1935 ὦ,
245 1856 278 1920 h,
307 1862 328 1922 l.
358 1860 499 1924 inhibito,
542 1863 658 1944 Quam·
701 1855 773 1916 bam
788 1857 861 1917 olim
876 1877 943 1916 cum
958 1859 1023 1919 allis
1040 1861 1085 1918 Tu
1102 1863 1193 1937 milti,

160 1983 262 2045 quam,
284 1953 490 2044 requiescere
503 1985 574 2023 cum
590 1963 658 2025 casu
701 1971 732 2018 et
753 1958 940 2039 accipiebam
962 1964 1088 2038 dictum,
1116 1985 1151 2024 tc
1171 1962 1196 2028 li

159 2080 268 2146 quarto
296 2085 535 2146 nonnumquam
559 2070 657 2149 iungi,
699 2060 839 2122 voluillet
860 2062 1057 2147 subiungere:
1093 2066 1195 2142 ades5

160 2166 263 2226 docuit
296 2171 361 2225 inm
393 2167 527 2227 semim.
579 2170 656 2230 Ciris
698 2161 750 2223 sed
772 2162 911 2224 defiderii
932 2165 1015 2226 aestu
1042 2167 1101 2230 elle
1130 2173 1192 2234 alio

163 2271 220 2331 233
248 2270 324 2352 Quo
338 2267 474 2350 rapidos
490 2272 591 2328 etiam
606 2292 656 2328 re-
698 2264 868 2346 nbreptum.
901 2268 995 2348 Quod
1009 2285 1112 2332 tamen
1126 2250 1194 2336 non

162 2370 331 2450 quiescunt
351 2370 500 2450 stttmt'na
533 2374 667 2454 cursum
696 2365 826 2442 netolic,
845 2368 1095 2454 quandoquidem
1110 2375 1193 2435 milti

165 2473 307 2554 Ctlpnrn.
330 2472 395 2532 Ecl.
416 2471 520 2549 11,15
544 2478 655 2534 itaex-
696 2468 786 2550 saepe
808 2469 848 2530 fic
861 2473 956 2533 otiose
971 2479 1188 2557 interponitur.
1309 2521 1313 2527 -

165 2573 278 2654 preffit:
322 2576 368 2633 Et
400 2589 542 2633 tenum
570 2576 656 2654 ficos
698 2573 842 2633 Ceterum
857 2592 950 2654 poeta
965 2580 1122 2658 inceptum
1131 2581 1190 2640 ler-

164 2680 376 2758 properantia
399 2677 548 2757 flumina
582 2700 654 2736 cnr·
696 2697 821 2736 monem
838 2675 956 2749 deserit,
975 2695 1006 2737 et
1020 2685 1191 2761 interponit

159 2778 222 2852 sus.
268 2782 397 2860 Lyncus
421 2801 496 2841 vero
518 2783 597 2840 nolis
620 2786 654 2841 in
694 2777 856 2842 ἐνθουσιῶν
878 2780 945 2837 illo:
983 2801 1024 2836 cn
1046 2786 1109 2840 erit
1128 2805 1188 2841 vn-

167 2881 361 2942 ttlicarminc
377 2879 437 2942 elle
459 2900 650 2957 memoratas,
695 2900 850 2960 quam-
866 2879 927 2936 tibi
941 2878 1071 2952 deficiet.
1114 2886 1187 2947 Iun·

170 2985 246 3062 quod
278 2985 315 3043 ad
342 2985 475 3043 Siciliam
507 2991 650 3065 pertinet.
693 2981 794 3060 genda
819 2981 918 3040 adeo:
962 2984 1006 3039 Tu
1036 2985 1119 3042 milti
1144 3019 1187 3034 -·

173 3083 264 3146 Cenat
290 3108 360 3145 eum
383 3088 512 3169 Virgilio
536 3089 650 3167 Popius
693 3084 806 3161 accipe
822 3080 908 3160 iuffis
925 3088 1075 3143 carmina
1092 3108 1186 3169 coep-

173 3185 439 3271 Pastor.11,5sq.
693 3200 730 3243 ta
754 3187 828 3247 tuis.
893 3186 1046 3245 Timauus
1074 3194 1106 3248 in
1130 3212 1185 3253 ora

206 3292 340 3352 6-13.
373 3289 477 3351 Afinio
498 3293 648 3367 Pollioni,
690 3286 820 3358 nortae,
842 3307 908 3347 non
929 3289 1022 3371 longe
1039 3291 1186 3376 abAqui-
1283 3373 1288 3383 ,

173 3405 253 3468 aquo
266 3389 357 3451 iustus
373 3408 438 3452 erat
452 3414 575 3455 carmen
594 3396 649 3454 bu.
690 3389 767 3461 leia,
789 3387 901 3450 fluuius
923 3412 959 3450 ex
975 3407 1054 3454 terra
1068 3417 1185 3458 nouem

172 3492 284 3552 culicum
311 3494 463 3567 condere,
503 3497 648 3578 Eclogam
690 3492 826 3552 lontibus
852 3491 904 3552 [eu
934 3497 1081 3575 capitibus
1112 3522 1186 3581 pro·

168 3589 235 3654 hanc
248 3596 397 3656 inscribit:
419 3597 573 3678 pollicitus
595 3599 649 3656 ali·
690 3593 813 3676 grellus,
829 3593 916 3654 breui
932 3600 1027 3672 curlu,
1042 3605 1074 3659 in
1088 3622 1184 3663 vnum

166 3698 278 3776 quando
300 3718 425 3758 carmen
439 3704 549 3774 maius,
582 3721 646 3781 quo
690 3696 811 3764 alueum
832 3699 994 3772 collectus,
1020 3703 1084 3764 loto
1106 3706 1185 3767 ulto-

163 3801 218 3859 eins
248 3801 355 3861 laudes
386 3801 645 3881 comprehendat:
689 3819 749 3879 que
779 3798 907 3860 llumine
931 3807 965 3862 in
998 3824 1082 3865 mare
1113 3812 1183 3868 exit.

157 3922 229 3983 quae
259 3904 388 3984 duplicis
414 3910 536 3986 generis
563 3904 646 3977 sunt,
689 3901 726 3960 cf.
746 3903 823 3961 Aen.
844 3904 874 3977 I,
901 3913 977 3982 244,
1008 3886 1039 3967 et
1059 3908 1103 3968 ibi
1122 3912 1182 3969 Ex-

154 4019 184 4062 et
200 4026 303 4065 rerum
322 4002 473 4087 gestarum
495 4027 523 4065 v.
546 4008 583 4079 8,
615 4021 648 4065 et
689 4002 762 4062 curs.
790 4005 856 4065 VH.
910 4009 1020 4082 Vnde,
1056 4031 1093 4070 ex
1118 4031 1183 4091 qno

147 4109 266 4190 ingenii
289 4127 483 4190 operumque
507 4113 646 4189 poetico·
687 4106 776 4180 loco,
807 4105 938 4189 egrellus
967 4108 1002 4169 [it
1021 4112 1121 4170 Pollio
1140 4090 1182 4173 ¹itt

144 4230 214 4270 rum
244 4229 275 4290 9.
307 4229 376 4296 ιο.ι
407 4211 513 4292 Quod¹
528 4230 646 4305 nomen
688 4209 850 4297 Parthinos
877 4213 1050 4293 profectus,
1090 4227 1181 4274 note·
