2700 4906
348 318 592 392 PRIORlS
637 316 944 396 EDITIONIS
1061 349 1192 405 xxvrr

147 519 339 624 iungenda
359 513 444 597 erat
466 521 592 622 aliqua
606 546 738 596 eorum
759 528 904 597 notatio
928 542 968 599 et
983 522 1190 629 descriptio,

148 662 297 758 inqua,
341 684 385 732 re
413 656 490 759 ipsa
518 661 718 747 inuitante,
763 683 843 732 non
863 658 977 733 modo
1005 664 1187 740 nonnulla

148 792 364 893 diligentius
381 789 540 884 excuffi,
565 817 662 893 quae
676 788 725 864 ad
738 789 875 865 hortun
890 793 1064 869 codicum
1076 795 1187 874 histo·

148 931 234 998 riam
256 923 488 1026 spectarent,
522 951 650 1001 verum
674 930 803 1019 etiam,
835 952 920 1000 cum
941 927 1047 1003 valde
1063 931 1187 1005 turba·

149 1082 220 1136 tam
243 1080 285 1136 et
315 1060 510 1136 confusam
536 1060 634 1136 hanc
656 1065 801 1136 critices
824 1080 968 1161 partem
990 1059 1185 1157 elsevide-

149 1222 239 1287 rem,
275 1195 389 1271 altius
411 1222 492 1271 rem
516 1193 663 1270 exorsus
687 1194 781 1287 sum,
812 1214 850 1269 vt
869 1201 1024 1272 omnino
1049 1198 1098 1274 de
1120 1225 1184 1275 co·

149 1332 290 1408 dicibus
312 1355 551 1436 quaererem,
587 1356 749 1431 quorum
769 1331 923 1431 quidem
947 1357 1112 1433 unquam
1134 1333 1183 1411 ab

150 1467 353 1542 editoribus
372 1465 516 1566 Virgilii
537 1470 768 1540 mentionem
790 1485 829 1540 et
852 1471 1024 1541 notitiam
1045 1467 1184 1544 saetam

149 1597 321 1676 videram.
373 1604 416 1672 In
440 1625 555 1701 quam
579 1595 936 1675 commentationem
955 1627 1042 1675 cum
1069 1593 1182 1681 semel

148 1731 370 1826 incidissem,
409 1759 458 1808 eo
480 1733 687 1810 deductum
709 1757 772 1807 me
791 1734 883 1822 vidi,
919 1753 957 1807 vt
971 1739 1012 1808 in
1027 1760 1088 1811 eas
1105 1739 1182 1813 edi·

147 1876 263 1944 tiones
282 1873 534 1969 inquirerem,
569 1895 668 1970 quae
688 1894 735 1943 ex
756 1865 949 1943 codicibus
965 1865 1104 1972 scriptis
1121 1901 1183 1949 ex·
1239 1856 1242 1863 Α

147 2006 246 2082 cusae
266 2024 336 2079 aut
359 2002 581 2079 emendatae
606 2001 679 2078 elle
704 2001 949 2077 traderentur.
1006 2008 1184 2086 Processlt

148 2149 193 2216 ita
212 2169 293 2218 non
311 2137 628 2213 animaduertenti
643 2135 803 2211 studium
825 2136 874 2210 ad
894 2136 1008 2239 ipsam
1027 2163 1183 2220 conten.

148 2298 201 2352 tus
222 2296 367 2378 poetae
397 2298 512 2375 quam
537 2271 672 2347 dixeris
693 2270 898 2364 historiam,
936 2278 1074 2374 inqua
1096 2306 1183 2354 cum

148 2418 271 2486 omnia
300 2408 383 2485 sere
414 2406 578 2482 tenebris
607 2405 772 2480 obducta
800 2425 839 2479 et
867 2405 1059 2482 obscurata
1082 2412 1192 2491 vid0.'

147 2572 239 2639 rem,
282 2567 470 2644 cumque,
512 2566 609 2644 quae
637 2544 750 2612 animi
779 2539 932 2613 humani
963 2564 1095 2619 natura
1120 2549 1182 2644 est,

148 2683 296 2783 indigne
311 2677 460 2770 serrem,
482 2681 629 2778 quoties
644 2675 692 2750 de
707 2679 860 2775 antiqua
876 2675 1000 2777 aliqua
1016 2681 1184 2761 editione

149 2837 337 2919 ageretur,
368 2813 601 2888 haerendum
615 2830 654 2886 et
677 2809 926 2883 dubitandum
945 2809 1033 2904 esse,
1070 2842 1183 2916 quor-

148 2952 217 3026 sum
239 2951 307 3024 illa
330 2947 544 3038 reserenda,
572 2945 670 3048 qtiae
693 2951 772 3020 eius
791 2951 991 3020 auctoritas
1009 2945 1182 3026 habenda

148 3085 252 3179 esset,
279 3109 397 3184 opera
417 3083 568 3158 tandem
588 3082 659 3156 hac
677 3079 787 3155 semel
808 3078 1089 3179 defungendum
1110 3084 1182 3163 else

148 3223 343 3295 arbitratus
361 3216 458 3306 sum,
484 3236 522 3290 vt
541 3221 580 3290 in
597 3217 805 3291 editionum
823 3214 971 3288 ordines
990 3236 1027 3290 et
1043 3218 1181 3317 classes,

149 3355 271 3457 stirpes
293 3379 340 3428 ac
361 3348 535 3443 familias,
571 3353 698 3455 paullo
720 3355 926 3424 accuratius
941 3355 1179 3452 inquirerem.

151 3495 232 3588 Qua
245 3495 286 3563 in
307 3514 349 3565 re
369 3506 408 3560 vt
425 3488 587 3589 quadam
606 3507 714 3561 tenus
729 3484 853 3559 saltem
874 3486 1079 3586 procedere
1094 3491 1184 3570 lice-

151 3646 220 3717 ret,
253 3626 464 3701 editionum
482 3642 569 3698 ante
589 3627 714 3696 omnia
737 3621 887 3694 annales
909 3621 1059 3721 quidam
1076 3648 1183 3703 erant

154 3759 383 3836 conficiendi.
435 3762 491 3831 Ea
512 3764 637 3832 omnia
653 3756 839 3846 subiunxi,
863 3782 941 3829 non
963 3761 1066 3858 quod
1081 3767 1180 3840 iniis

156 3919 213 3984 eo,
241 3923 314 3997 quo
339 3894 643 3986 contendebam,
669 3887 876 3994 peruenisse
899 3891 989 3966 mihi
1012 3895 1181 3972 videbarz

157 4039 347 4107 nonenim
379 4031 481 4104 haec
514 4030 560 4104 ab
587 4054 662 4103 vno
684 4029 838 4101 homine
866 4026 993 4127 perfici
1014 4029 1196 4138 possunt31

160 4183 190 4234 et
210 4171 317 4245 multa
351 4167 492 4256 erunt,
538 4191 634 4267 quae
662 4163 711 4236 ad
739 4163 897 4238 alterum
923 4189 968 4238 ac
987 4165 1181 4267 sequentes
