<?xml version="1.0" encoding="UTF-8"?>
<!DOCTYPE html PUBLIC "-//W3C//DTD XHTML 1.0 Transitional//EN"
    "http://www.w3.org/TR/xhtml1/DTD/xhtml1-transitional.dtd">
<html xmlns="http://www.w3.org/1999/xhtml" xml:lang="en" lang="en">
 <head>
  <title>
</title>
<meta http-equiv="Content-Type" content="text/html;charset=utf-8" />
  <meta name='ocr-system' content='tesseract 3.04.00' />
  <meta name='ocr-capabilities' content='ocr_page ocr_carea ocr_par ocr_line ocrx_word'/>
</head>
<body>
  <div class='ocr_page' id='page_1' title='image "./pvirgilivsmarov00virggoog_0482.png"; bbox 0 0 2692 4914; ppageno 0'>
   <div class='ocr_carea' id='block_1_1' title="bbox 295 293 1177 400">
    <p class='ocr_par' dir='ltr' id='par_1_1' title="bbox 295 293 1177 400">
     <span class='ocr_line' id='line_1_1' title="bbox 295 293 1177 400; baseline -0.012 -12"><span class='ocrx_word' id='word_1_1' title='bbox 295 313 645 390; x_wconf 80' lang='lat' dir='ltr'>eaoaercou</span> <span class='ocrx_word' id='word_1_2' title='bbox 674 309 772 380; x_wconf 76' lang='lat' dir='ltr'>nra.</span> <span class='ocrx_word' id='word_1_3' title='bbox 793 305 843 395; x_wconf 87' lang='lat'>11,</span> <span class='ocrx_word' id='word_1_4' title='bbox 866 293 1019 400; x_wconf 72' lang='lat'>13-19</span> <span class='ocrx_word' id='word_1_5' title='bbox 1104 303 1177 386; x_wconf 76' lang='lat' dir='ltr'>tn</span> 
     </span>
    </p>
   </div>
   <div class='ocr_carea' id='block_1_2' title="bbox 151 487 1178 598">
    <p class='ocr_par' dir='ltr' id='par_1_2' title="bbox 151 487 1178 598">
     <span class='ocr_line' id='line_1_2' title="bbox 151 487 1178 598; baseline -0.016 -22"><span class='ocrx_word' id='word_1_6' title='bbox 151 498 371 592; x_wconf 75' lang='lat' dir='ltr'>castaneae,</span> <span class='ocrx_word' id='word_1_7' title='bbox 394 497 764 598; x_wconf 76' lang='lat' dir='ltr'>nemorumque&#39;loui</span> <span class='ocrx_word' id='word_1_8' title='bbox 782 515 877 592; x_wconf 92' lang='lat' dir='ltr'>quae</span> <span class='ocrx_word' id='word_1_9' title='bbox 892 515 1062 564; x_wconf 86' lang='lat' dir='ltr'>maxuma</span> <span class='ocrx_word' id='word_1_10' title='bbox 1077 487 1178 563; x_wconf 89' lang='lat' dir='ltr'>sron·</span> 
     </span>
    </p>
   </div>
   <div class='ocr_carea' id='block_1_3' title="bbox 768 621 1175 699">
    <p class='ocr_par' dir='ltr' id='par_1_3' title="bbox 768 621 1175 699">
     <span class='ocr_line' id='line_1_3' title="bbox 768 621 1175 699; baseline -0.007 -1"><span class='ocrx_word' id='word_1_11' title='bbox 768 625 832 699; x_wconf 87' lang='lat' dir='ltr'>det</span> <span class='ocrx_word' id='word_1_12' title='bbox 1133 621 1175 695; x_wconf 86' lang='lat'>15</span> 
     </span>
    </p>
   </div>
   <div class='ocr_carea' id='block_1_4' title="bbox 148 756 1177 972">
    <p class='ocr_par' dir='ltr' id='par_1_4' title="bbox 148 756 1177 972">
     <span class='ocr_line' id='line_1_4' title="bbox 148 756 1177 866; baseline -0.013 -24"><span class='ocrx_word' id='word_1_13' title='bbox 148 765 342 857; x_wconf 85' lang='lat' dir='ltr'>Aesculus,</span> <span class='ocrx_word' id='word_1_14' title='bbox 389 784 503 866; x_wconf 87' lang='lat' dir='ltr'>atque</span> <span class='ocrx_word' id='word_1_15' title='bbox 542 762 691 838; x_wconf 87' lang='lat' dir='ltr'>habitae</span> <span class='ocrx_word' id='word_1_16' title='bbox 726 763 846 852; x_wconf 81' lang='lat' dir='ltr'>Graiis</span> <span class='ocrx_word' id='word_1_17' title='bbox 881 756 1031 835; x_wconf 89' lang='lat' dir='ltr'>oracula</span> <span class='ocrx_word' id='word_1_18' title='bbox 1068 781 1177 860; x_wconf 86' lang='lat' dir='ltr'>quer·</span> 
     </span>
     <span class='ocr_line' id='line_1_5' title="bbox 766 922 846 972; baseline -0.038 0"><span class='ocrx_word' id='word_1_19' title='bbox 766 922 846 972; x_wconf 88' lang='lat' dir='ltr'>cus.</span> 
     </span>
    </p>
   </div>
   <div class='ocr_carea' id='block_1_5' title="bbox 148 1029 1249 1266">
    <p class='ocr_par' dir='ltr' id='par_1_5' title="bbox 148 1029 1249 1266">
     <span class='ocr_line' id='line_1_6' title="bbox 148 1029 979 1108; baseline -0.006 -2"><span class='ocrx_word' id='word_1_20' title='bbox 148 1032 314 1106; x_wconf 84' lang='lat' dir='ltr'><strong>Pullulat</strong></span> <span class='ocrx_word' id='word_1_21' title='bbox 337 1030 383 1106; x_wconf 90' lang='lat' dir='ltr'>ab</span> <span class='ocrx_word' id='word_1_22' title='bbox 405 1030 530 1107; x_wconf 85' lang='lat' dir='ltr'>radice</span> <span class='ocrx_word' id='word_1_23' title='bbox 553 1029 631 1104; x_wconf 86' lang='lat' dir='ltr'>aliis</span> <span class='ocrx_word' id='word_1_24' title='bbox 652 1029 853 1108; x_wconf 87' lang='lat' dir='ltr'>denlllllma</span> <span class='ocrx_word' id='word_1_25' title='bbox 873 1029 979 1105; x_wconf 77' lang='lat' dir='ltr'>filuat</span> 
     </span>
     <span class='ocr_line' id='line_1_7' title="bbox 148 1154 1249 1266; baseline -0.007 -25"><span class='ocrx_word' id='word_1_26' title='bbox 148 1170 203 1241; x_wconf 91' lang='lat' dir='ltr'>Vt</span> <span class='ocrx_word' id='word_1_27' title='bbox 225 1164 353 1241; x_wconf 80' lang='lat' dir='ltr'>cerasis</span> <span class='ocrx_word' id='word_1_28' title='bbox 380 1154 579 1266; x_wconf 74' lang='lat' dir='ltr'>ulmisque,</span> <span class='ocrx_word' id='word_1_29' title='bbox 625 1171 736 1240; x_wconf 88' lang='lat' dir='ltr'>etiam</span> <span class='ocrx_word' id='word_1_30' title='bbox 756 1164 926 1242; x_wconf 86' lang='lat' dir='ltr'>Parnalia</span> <span class='ocrx_word' id='word_1_31' title='bbox 951 1164 1076 1237; x_wconf 81' lang='lat' dir='ltr'>laurae</span> <span class='ocrx_word' id='word_1_32' title='bbox 1194 1243 1197 1249; x_wconf 46' lang='grc'>,</span> <span class='ocrx_word' id='word_1_33' title='bbox 1246 1180 1249 1186; x_wconf 91' lang='grc'><em>·</em></span> 
     </span>
    </p>
   </div>
   <div class='ocr_carea' id='block_1_6' title="bbox 140 1297 1073 1398">
    <p class='ocr_par' dir='ltr' id='par_1_6' title="bbox 140 1297 1073 1398">
     <span class='ocr_line' id='line_1_8' title="bbox 140 1297 1073 1398; baseline -0.003 -24"><span class='ocrx_word' id='word_1_34' title='bbox 140 1305 271 1385; x_wconf 62' lang='lat' dir='ltr'>‚parua</span> <span class='ocrx_word' id='word_1_35' title='bbox 295 1297 359 1372; x_wconf 90' lang='lat' dir='ltr'>sub</span> <span class='ocrx_word' id='word_1_36' title='bbox 385 1302 526 1398; x_wconf 82' lang='lat' dir='ltr'>ingenti</span> <span class='ocrx_word' id='word_1_37' title='bbox 552 1303 676 1372; x_wconf 85' lang='lat' dir='ltr'>matris</span> <span class='ocrx_word' id='word_1_38' title='bbox 702 1298 738 1374; x_wconf 89' lang='lat' dir='ltr'>se</span> <span class='ocrx_word' id='word_1_39' title='bbox 770 1299 912 1375; x_wconf 86' lang='lat' dir='ltr'>subiicit</span> <span class='ocrx_word' id='word_1_40' title='bbox 934 1299 1073 1372; x_wconf 76' lang='lat' dir='ltr'>umbra.</span> 
     </span>
    </p>
   </div>
   <div class='ocr_carea' id='block_1_7' title="bbox 137 1467 1211 1891">
    <p class='ocr_par' dir='ltr' id='par_1_7' title="bbox 137 1467 1211 1891">
     <span class='ocr_line' id='line_1_9' title="bbox 223 1467 1177 1549; baseline 0.002 -19"><span class='ocrx_word' id='word_1_41' title='bbox 223 1480 253 1532; x_wconf 77' lang='lat'>15</span> <span class='ocrx_word' id='word_1_42' title='bbox 262 1477 408 1549; x_wconf 83' lang='lat' dir='ltr'>frondent</span> <span class='ocrx_word' id='word_1_43' title='bbox 424 1476 526 1549; x_wconf 81' lang='lat' dir='ltr'>legebat</span> <span class='ocrx_word' id='word_1_44' title='bbox 539 1467 674 1539; x_wconf 77' lang='lat' dir='ltr'>llaitltiut,</span> <span class='ocrx_word' id='word_1_45' title='bbox 698 1493 725 1532; x_wconf 79' lang='lat' dir='ltr'>rt</span> <span class='ocrx_word' id='word_1_46' title='bbox 739 1476 803 1542; x_wconf 76' lang='lat' dir='ltr'>dut,</span> <span class='ocrx_word' id='word_1_47' title='bbox 841 1494 950 1532; x_wconf 78' lang='lat' dir='ltr'>nemora</span> <span class='ocrx_word' id='word_1_48' title='bbox 969 1494 1036 1549; x_wconf 79' lang='lat' dir='ltr'>quae</span> <span class='ocrx_word' id='word_1_49' title='bbox 1056 1477 1177 1536; x_wconf 78' lang='lat' dir='ltr'>omniunt</span> 
     </span>
     <span class='ocr_line' id='line_1_10' title="bbox 149 1558 1177 1636; baseline 0.004 -20"><span class='ocrx_word' id='word_1_50' title='bbox 149 1562 276 1618; x_wconf 78' lang='lat' dir='ltr'>frondent</span> <span class='ocrx_word' id='word_1_51' title='bbox 296 1564 423 1625; x_wconf 80' lang='lat' dir='ltr'>maxima,</span> <span class='ocrx_word' id='word_1_52' title='bbox 456 1561 508 1615; x_wconf 89' lang='lat' dir='ltr'>scil.</span> <span class='ocrx_word' id='word_1_53' title='bbox 532 1561 646 1615; x_wconf 71' lang='lat' dir='ltr'>aesculus</span> <span class='ocrx_word' id='word_1_54' title='bbox 666 1579 691 1616; x_wconf 86' lang='lat' dir='ltr'>et</span> <span class='ocrx_word' id='word_1_55' title='bbox 713 1583 831 1636; x_wconf 69' lang='lat' dir='ltr'>quercus.</span> <span class='ocrx_word' id='word_1_56' title='bbox 880 1563 939 1616; x_wconf 85' lang='lat' dir='ltr'>Nec</span> <span class='ocrx_word' id='word_1_57' title='bbox 959 1561 1028 1616; x_wconf 79' lang='lat' dir='ltr'>male</span> <span class='ocrx_word' id='word_1_58' title='bbox 1048 1562 1083 1618; x_wconf 84' lang='lat' dir='ltr'>lic</span> <span class='ocrx_word' id='word_1_59' title='bbox 1104 1558 1177 1620; x_wconf 79' lang='lat' dir='ltr'>locus</span> 
     </span>
     <span class='ocr_line' id='line_1_11' title="bbox 148 1646 1178 1720; baseline 0 -16"><span class='ocrx_word' id='word_1_60' title='bbox 148 1647 307 1704; x_wconf 72' lang='lat' dir='ltr'>constitutus</span> <span class='ocrx_word' id='word_1_61' title='bbox 327 1646 403 1702; x_wconf 81' lang='lat' dir='ltr'>effer:</span> <span class='ocrx_word' id='word_1_62' title='bbox 443 1648 614 1718; x_wconf 79' lang='lat' dir='ltr'>Castaneaae,</span> <span class='ocrx_word' id='word_1_63' title='bbox 646 1667 843 1720; x_wconf 76' lang='lat' dir='ltr'>nemorumque</span> <span class='ocrx_word' id='word_1_64' title='bbox 860 1650 926 1701; x_wconf 79' lang='lat' dir='ltr'>tout</span> <span class='ocrx_word' id='word_1_65' title='bbox 951 1667 1025 1718; x_wconf 76' lang='lat' dir='ltr'>quae</span> <span class='ocrx_word' id='word_1_66' title='bbox 1045 1667 1178 1704; x_wconf 75' lang='lat' dir='ltr'>maxuma</span> 
     </span>
     <span class='ocr_line' id='line_1_12' title="bbox 137 1731 1211 1812; baseline 0.004 -25"><span class='ocrx_word' id='word_1_67' title='bbox 137 1733 298 1812; x_wconf 73' lang='lat' dir='ltr'>standene,</span> <span class='ocrx_word' id='word_1_68' title='bbox 319 1733 726 1805; x_wconf 56' lang='lat' dir='ltr'>defenduntque-quarens.</span> <span class='ocrx_word' id='word_1_69' title='bbox 799 1737 830 1810; x_wconf 78' lang='grc'>16</span> <span class='ocrx_word' id='word_1_70' title='bbox 849 1734 967 1802; x_wconf 80' lang='lat' dir='ltr'>Esculus</span> <span class='ocrx_word' id='word_1_71' title='bbox 979 1731 1030 1785; x_wconf 80' lang='lat' dir='ltr'>alii.</span> <span class='ocrx_word' id='word_1_72' title='bbox 1061 1735 1179 1792; x_wconf 79' lang='lat' dir='ltr'>Damnat</span> <span class='ocrx_word' id='word_1_73' title='bbox 1209 1769 1211 1772; x_wconf 58' lang='lat'>&gt;</span> 
     </span>
     <span class='ocr_line' id='line_1_13' title="bbox 146 1817 1179 1891; baseline -0.002 -15"><span class='ocrx_word' id='word_1_74' title='bbox 146 1822 303 1890; x_wconf 80' lang='lat' dir='ltr'>scripturam</span> <span class='ocrx_word' id='word_1_75' title='bbox 317 1818 406 1873; x_wconf 87' lang='lat' dir='ltr'>Heius.</span> <span class='ocrx_word' id='word_1_76' title='bbox 442 1835 527 1890; x_wconf 79' lang='lat' dir='ltr'>atque</span> <span class='ocrx_word' id='word_1_77' title='bbox 539 1821 597 1872; x_wconf 80' lang='lat' dir='ltr'>alto</span> <span class='ocrx_word' id='word_1_78' title='bbox 611 1819 665 1873; x_wconf 83' lang='lat' dir='ltr'>Ers.</span> <span class='ocrx_word' id='word_1_79' title='bbox 680 1817 746 1872; x_wconf 82' lang='lat' dir='ltr'>sorte</span> <span class='ocrx_word' id='word_1_80' title='bbox 760 1837 823 1891; x_wconf 82' lang='lat' dir='ltr'>pro,</span> <span class='ocrx_word' id='word_1_81' title='bbox 848 1818 924 1872; x_wconf 76' lang='lat' dir='ltr'>eltae.</span> <span class='ocrx_word' id='word_1_82' title='bbox 967 1819 1051 1871; x_wconf 76' lang='lat' dir='ltr'>Gran</span> <span class='ocrx_word' id='word_1_83' title='bbox 1068 1819 1095 1871; x_wconf 91' lang='lat' dir='ltr'>in</span> <span class='ocrx_word' id='word_1_84' title='bbox 1112 1821 1179 1874; x_wconf 86' lang='lat' dir='ltr'>rnul-</span> 
     </span>
    </p>
   </div>
   <div class='ocr_carea' id='block_1_8' title="bbox 146 1901 1195 2048">
    <p class='ocr_par' dir='ltr' id='par_1_8' title="bbox 146 1901 1195 2048">
     <span class='ocr_line' id='line_1_14' title="bbox 146 1901 1176 1981; baseline -0.002 -19"><span class='ocrx_word' id='word_1_85' title='bbox 146 1908 184 1962; x_wconf 80' lang='lat' dir='ltr'>ris</span> <span class='ocrx_word' id='word_1_86' title='bbox 209 1905 332 1958; x_wconf 81' lang='lat' dir='ltr'>scribitur.</span> <span class='ocrx_word' id='word_1_87' title='bbox 411 1922 440 1974; x_wconf 86' lang='lat'>¹7</span> <span class='ocrx_word' id='word_1_88' title='bbox 457 1924 477 1981; x_wconf 62' lang='grc' dir='ltr'><strong>ρ</strong></span> <span class='ocrx_word' id='word_1_89' title='bbox 498 1904 596 1960; x_wconf 71' lang='lat' dir='ltr'>radice</span> <span class='ocrx_word' id='word_1_90' title='bbox 612 1905 682 1959; x_wconf 79' lang='lat' dir='ltr'>Van.</span> <span class='ocrx_word' id='word_1_91' title='bbox 701 1905 836 1960; x_wconf 65' lang='lat' dir='ltr'>velleret.</span> <span class='ocrx_word' id='word_1_92' title='bbox 858 1919 942 1976; x_wconf 76' lang='lat' dir='ltr'>quart.</span> <span class='ocrx_word' id='word_1_93' title='bbox 963 1901 1021 1957; x_wconf 77' lang='lat' dir='ltr'>vide</span> <span class='ocrx_word' id='word_1_94' title='bbox 1040 1901 1086 1958; x_wconf 88' lang='lat' dir='ltr'>lib.</span> <span class='ocrx_word' id='word_1_95' title='bbox 1100 1906 1121 1968; x_wconf 82' lang='grc' dir='ltr'>Ι,</span> <span class='ocrx_word' id='word_1_96' title='bbox 1134 1922 1176 1960; x_wconf 80' lang='lat' dir='ltr'>ao.</span> 
     </span>
     <span class='ocr_line' id='line_1_15' title="bbox 150 1987 1195 2048; baseline -0.003 0"><span class='ocrx_word' id='word_1_97' title='bbox 150 1994 185 2048; x_wconf 77' lang='lat'>18</span> <span class='ocrx_word' id='word_1_98' title='bbox 207 2007 234 2043; x_wconf 85' lang='lat' dir='ltr'>et</span> <span class='ocrx_word' id='word_1_99' title='bbox 251 1998 309 2043; x_wconf 76' lang='lat' dir='ltr'>iam</span> <span class='ocrx_word' id='word_1_100' title='bbox 326 1987 442 2043; x_wconf 82' lang='lat' dir='ltr'>Gudian.</span> <span class='ocrx_word' id='word_1_101' title='bbox 463 2009 524 2043; x_wconf 85' lang='lat' dir='ltr'>cnm</span> <span class='ocrx_word' id='word_1_102' title='bbox 544 1990 609 2046; x_wconf 75' lang='lat' dir='ltr'>aliia.</span> <span class='ocrx_word' id='word_1_103' title='bbox 1192 2000 1195 2007; x_wconf 87' lang='grc'><strong>’</strong></span> 
     </span>
    </p>
   </div>
   <div class='ocr_carea' id='block_1_9' title="bbox 145 2129 1207 4272">
    <p class='ocr_par' dir='ltr' id='par_1_9' title="bbox 148 2129 1180 2818">
     <span class='ocr_line' id='line_1_16' title="bbox 148 2129 1177 2230; baseline -0.002 -25"><span class='ocrx_word' id='word_1_104' title='bbox 148 2144 247 2230; x_wconf 83' lang='lat' dir='ltr'>gandi</span> <span class='ocrx_word' id='word_1_105' title='bbox 269 2161 400 2227; x_wconf 84' lang='lat' dir='ltr'>genere,</span> <span class='ocrx_word' id='word_1_106' title='bbox 431 2142 586 2202; x_wconf 87' lang='lat' dir='ltr'>interdum</span> <span class='ocrx_word' id='word_1_107' title='bbox 606 2141 647 2203; x_wconf 86' lang='lat' dir='ltr'>de</span> <span class='ocrx_word' id='word_1_108' title='bbox 687 2163 746 2224; x_wconf 86' lang='lat' dir='ltr'>pro</span> <span class='ocrx_word' id='word_1_109' title='bbox 793 2146 827 2207; x_wconf 74' lang='grc' dir='ltr'>ἐν</span> <span class='ocrx_word' id='word_1_110' title='bbox 872 2129 982 2204; x_wconf 68' lang='grc' dir='ltr'><strong><em>ἕλωσι</em></strong></span> <span class='ocrx_word' id='word_1_111' title='bbox 1029 2138 1177 2204; x_wconf 85' lang='lat' dir='ltr'>dicerent.</span> 
     </span>
     <span class='ocr_line' id='line_1_17' title="bbox 148 2241 1178 2328; baseline -0.005 -19"><span class='ocrx_word' id='word_1_112' title='bbox 148 2251 241 2310; x_wconf 88' lang='lat' dir='ltr'>omni</span> <span class='ocrx_word' id='word_1_113' title='bbox 270 2247 441 2326; x_wconf 86' lang='lat' dir='ltr'>principio,</span> <span class='ocrx_word' id='word_1_114' title='bbox 483 2243 563 2304; x_wconf 87' lang='lat' dir='ltr'>vnde</span> <span class='ocrx_word' id='word_1_115' title='bbox 592 2244 647 2303; x_wconf 90' lang='lat' dir='ltr'>ali·</span> <span class='ocrx_word' id='word_1_116' title='bbox 689 2264 827 2328; x_wconf 79' lang='lat' dir='ltr'>querens</span> <span class='ocrx_word' id='word_1_117' title='bbox 860 2241 999 2302; x_wconf 76' lang='lat' dir='ltr'>habitae</span> <span class='ocrx_word' id='word_1_118' title='bbox 1032 2244 1178 2318; x_wconf 83' lang='lat' dir='ltr'>oracula,</span> 
     </span>
     <span class='ocr_line' id='line_1_18' title="bbox 150 2344 1178 2432; baseline 0 -24"><span class='ocrx_word' id='word_1_119' title='bbox 150 2349 230 2432; x_wconf 88' lang='lat' dir='ltr'>quid</span> <span class='ocrx_word' id='word_1_120' title='bbox 258 2351 408 2430; x_wconf 77' lang='lat' dir='ltr'>gignitur,</span> <span class='ocrx_word' id='word_1_121' title='bbox 448 2345 647 2428; x_wconf 84' lang='lat' dir='ltr'>cogitandum</span> <span class='ocrx_word' id='word_1_122' title='bbox 689 2347 784 2428; x_wconf 85' lang='lat' dir='ltr'>h.pro</span> <span class='ocrx_word' id='word_1_123' title='bbox 799 2346 867 2406; x_wconf 87' lang='lat' dir='ltr'>sede</span> <span class='ocrx_word' id='word_1_124' title='bbox 881 2344 1178 2408; x_wconf 86' lang='lat' dir='ltr'>oraculiDodonaei.</span> 
     </span>
     <span class='ocr_line' id='line_1_19' title="bbox 152 2444 1180 2533; baseline 0.001 -21"><span class='ocrx_word' id='word_1_125' title='bbox 152 2448 209 2512; x_wconf 83' lang='lat' dir='ltr'>est.</span> <span class='ocrx_word' id='word_1_126' title='bbox 270 2451 315 2509; x_wconf 89' lang='lat' dir='ltr'>lta</span> <span class='ocrx_word' id='word_1_127' title='bbox 341 2445 567 2524; x_wconf 74' lang='lat' dir='ltr'>castanearum</span> <span class='ocrx_word' id='word_1_128' title='bbox 592 2447 648 2526; x_wconf 83' lang='lat' dir='ltr'>se·</span> <span class='ocrx_word' id='word_1_129' title='bbox 689 2472 717 2511; x_wconf 90' lang='lat' dir='ltr'>v.</span> <span class='ocrx_word' id='word_1_130' title='bbox 733 2451 859 2512; x_wconf 89' lang='lat' dir='ltr'>Homer.</span> <span class='ocrx_word' id='word_1_131' title='bbox 868 2444 1009 2533; x_wconf 64' lang='lat' dir='ltr'>Odyslf,</span> <span class='ocrx_word' id='word_1_132' title='bbox 1024 2449 1180 2526; x_wconf 75' lang='lat'>327.328.</span> 
     </span>
     <span class='ocr_line' id='line_1_20' title="bbox 152 2549 1179 2635; baseline 0 -22"><span class='ocrx_word' id='word_1_133' title='bbox 152 2554 247 2613; x_wconf 85' lang='lat' dir='ltr'>mina</span> <span class='ocrx_word' id='word_1_134' title='bbox 280 2550 348 2611; x_wconf 87' lang='lat' dir='ltr'>sunt</span> <span class='ocrx_word' id='word_1_135' title='bbox 381 2571 485 2611; x_wconf 83' lang='lat' dir='ltr'>nucea.</span> <span class='ocrx_word' id='word_1_136' title='bbox 550 2551 648 2613; x_wconf 85' lang='lat' dir='ltr'>Simili</span> <span class='ocrx_word' id='word_1_137' title='bbox 689 2573 874 2635; x_wconf 84' lang='lat' dir='ltr'>quamquam</span> <span class='ocrx_word' id='word_1_138' title='bbox 901 2550 1011 2611; x_wconf 77' lang='lat' dir='ltr'>modus</span> <span class='ocrx_word' id='word_1_139' title='bbox 1039 2549 1179 2613; x_wconf 78' lang='lat' dir='ltr'>edendae</span> 
     </span>
     <span class='ocr_line' id='line_1_21' title="bbox 152 2635 1113 2736; baseline 0 -22"><span class='ocrx_word' id='word_1_140' title='bbox 152 2653 253 2714; x_wconf 87' lang='lat' dir='ltr'>modo</span> <span class='ocrx_word' id='word_1_141' title='bbox 270 2653 386 2730; x_wconf 73' lang='lat' dir='ltr'>scatere</span> <span class='ocrx_word' id='word_1_142' title='bbox 410 2653 450 2714; x_wconf 84' lang='lat' dir='ltr'>tle</span> <span class='ocrx_word' id='word_1_143' title='bbox 470 2657 556 2713; x_wconf 88' lang='lat' dir='ltr'>omni</span> <span class='ocrx_word' id='word_1_144' title='bbox 575 2673 649 2736; x_wconf 89' lang='lat' dir='ltr'>pro·</span> <span class='ocrx_word' id='word_1_145' title='bbox 670 2635 774 2716; x_wconf 33' lang='lat' dir='ltr'>&#39;sortia</span> <span class='ocrx_word' id='word_1_146' title='bbox 788 2653 905 2715; x_wconf 89' lang='lat' dir='ltr'>diuerse</span> <span class='ocrx_word' id='word_1_147' title='bbox 920 2652 1047 2714; x_wconf 81' lang='lat' dir='ltr'>traditur</span> <span class='ocrx_word' id='word_1_148' title='bbox 1061 2650 1113 2714; x_wconf 79' lang='lat' dir='ltr'>est.</span> 
     </span>
     <span class='ocr_line' id='line_1_22' title="bbox 152 2751 858 2818; baseline -0.006 0"><span class='ocrx_word' id='word_1_149' title='bbox 152 2755 280 2818; x_wconf 87' lang='lat' dir='ltr'>creandi</span> <span class='ocrx_word' id='word_1_150' title='bbox 335 2756 430 2816; x_wconf 88' lang='lat' dir='ltr'>modo</span> <span class='ocrx_word' id='word_1_151' title='bbox 477 2754 648 2815; x_wconf 78' lang='lat' dir='ltr'>adhibetur.</span> <span class='ocrx_word' id='word_1_152' title='bbox 854 2751 858 2765; x_wconf 84' lang='grc'><strong>’</strong></span> 
     </span>
    </p>

    <p class='ocr_par' dir='ltr' id='par_1_10' title="bbox 145 2853 1207 4272">
     <span class='ocr_line' id='line_1_23' title="bbox 152 2853 1181 2940; baseline -0.006 -21"><span class='ocrx_word' id='word_1_153' title='bbox 152 2861 238 2919; x_wconf 86' lang='lat' dir='ltr'>Sarte</span> <span class='ocrx_word' id='word_1_154' title='bbox 263 2856 339 2920; x_wconf 88' lang='lat' dir='ltr'>haec</span> <span class='ocrx_word' id='word_1_155' title='bbox 361 2858 510 2940; x_wconf 88' lang='lat' dir='ltr'>loquendi</span> <span class='ocrx_word' id='word_1_156' title='bbox 533 2863 648 2937; x_wconf 89' lang='lat' dir='ltr'>impro-</span> <span class='ocrx_word' id='word_1_157' title='bbox 750 2878 797 2935; x_wconf 86' lang='lat'>17.</span> <span class='ocrx_word' id='word_1_158' title='bbox 820 2853 1029 2917; x_wconf 79' lang='lat' dir='ltr'>Viuiradices</span> <span class='ocrx_word' id='word_1_159' title='bbox 1048 2869 1181 2933; x_wconf 82' lang='lat' dir='ltr'>vocant;</span> 
     </span>
     <span class='ocr_line' id='line_1_24' title="bbox 152 2957 1181 3044; baseline -0.005 -23"><span class='ocrx_word' id='word_1_160' title='bbox 152 2967 267 3044; x_wconf 77' lang='lat' dir='ltr'>prietes</span> <span class='ocrx_word' id='word_1_161' title='bbox 299 2962 453 3020; x_wconf 87' lang='lat' dir='ltr'>interdum</span> <span class='ocrx_word' id='word_1_162' title='bbox 484 2960 648 3020; x_wconf 77' lang='lat' dir='ltr'>obscur-ita·</span> <span class='ocrx_word' id='word_1_163' title='bbox 689 2979 875 3042; x_wconf 87' lang='lat' dir='ltr'>quamquam</span> <span class='ocrx_word' id='word_1_164' title='bbox 904 2957 936 3016; x_wconf 93' lang='lat' dir='ltr'>id</span> <span class='ocrx_word' id='word_1_165' title='bbox 955 2976 1071 3017; x_wconf 87' lang='lat' dir='ltr'>nornen</span> <span class='ocrx_word' id='word_1_166' title='bbox 1090 2957 1181 3016; x_wconf 74' lang='lat' dir='ltr'>latiur</span> 
     </span>
     <span class='ocr_line' id='line_1_25' title="bbox 153 3056 1181 3143; baseline -0.005 -19"><span class='ocrx_word' id='word_1_167' title='bbox 153 3079 219 3124; x_wconf 89' lang='lat' dir='ltr'>tem</span> <span class='ocrx_word' id='word_1_168' title='bbox 240 3064 321 3122; x_wconf 86' lang='lat' dir='ltr'>lacit.</span> <span class='ocrx_word' id='word_1_169' title='bbox 364 3064 414 3122; x_wconf 91' lang='lat' dir='ltr'>De</span> <span class='ocrx_word' id='word_1_170' title='bbox 436 3058 595 3136; x_wconf 77' lang='lat' dir='ltr'>castaneis</span> <span class='ocrx_word' id='word_1_171' title='bbox 615 3082 645 3121; x_wconf 89' lang='lat' dir='ltr'>v.</span> <span class='ocrx_word' id='word_1_172' title='bbox 688 3077 790 3143; x_wconf 89' lang='lat' dir='ltr'>patet,</span> <span class='ocrx_word' id='word_1_173' title='bbox 811 3077 842 3121; x_wconf 95' lang='lat' dir='ltr'>et</span> <span class='ocrx_word' id='word_1_174' title='bbox 855 3056 987 3121; x_wconf 76' lang='lat' dir='ltr'>stolones</span> <span class='ocrx_word' id='word_1_175' title='bbox 1001 3078 1037 3120; x_wconf 89' lang='lat' dir='ltr'>ac</span> <span class='ocrx_word' id='word_1_176' title='bbox 1057 3075 1181 3119; x_wconf 81' lang='lat' dir='ltr'>truncot</span> 
     </span>
     <span class='ocr_line' id='line_1_26' title="bbox 153 3160 1183 3245; baseline -0.008 -20"><span class='ocrx_word' id='word_1_177' title='bbox 153 3165 327 3225; x_wconf 86' lang='lat' dir='ltr'>Columella</span> <span class='ocrx_word' id='word_1_178' title='bbox 340 3164 394 3236; x_wconf 84' lang='lat' dir='ltr'>tv,</span> <span class='ocrx_word' id='word_1_179' title='bbox 425 3184 491 3244; x_wconf 88' lang='lat' dir='ltr'>cap.</span> <span class='ocrx_word' id='word_1_180' title='bbox 512 3180 586 3225; x_wconf 88' lang='lat' dir='ltr'>extr.</span> <span class='ocrx_word' id='word_1_181' title='bbox 609 3163 647 3226; x_wconf 82' lang='lat' dir='ltr'>cs.</span> <span class='ocrx_word' id='word_1_182' title='bbox 689 3166 781 3223; x_wconf 86' lang='lat' dir='ltr'>etiarn</span> <span class='ocrx_word' id='word_1_183' title='bbox 801 3160 953 3245; x_wconf 84' lang='lat' dir='ltr'>designet,</span> <span class='ocrx_word' id='word_1_184' title='bbox 990 3181 1067 3243; x_wconf 82' lang='lat' dir='ltr'>quos</span> <span class='ocrx_word' id='word_1_185' title='bbox 1088 3175 1183 3219; x_wconf 81' lang='lat' dir='ltr'>trans.</span> 
     </span>
     <span class='ocr_line' id='line_1_27' title="bbox 156 3260 1183 3347; baseline -0.01 -19"><span class='ocrx_word' id='word_1_186' title='bbox 156 3269 236 3328; x_wconf 88' lang='lat' dir='ltr'>Plin.</span> <span class='ocrx_word' id='word_1_187' title='bbox 254 3266 354 3336; x_wconf 85' lang='lat' dir='ltr'>XVll,</span> <span class='ocrx_word' id='word_1_188' title='bbox 373 3287 419 3336; x_wconf 90' lang='lat' dir='ltr'>ro,</span> <span class='ocrx_word' id='word_1_189' title='bbox 437 3267 454 3324; x_wconf 89' lang='lat' dir='ltr'>s.</span> <span class='ocrx_word' id='word_1_190' title='bbox 473 3287 520 3339; x_wconf 85' lang='grc' dir='ltr'>ιο,</span> <span class='ocrx_word' id='word_1_191' title='bbox 543 3282 575 3327; x_wconf 85' lang='lat' dir='ltr'>et</span> <span class='ocrx_word' id='word_1_192' title='bbox 586 3269 648 3347; x_wconf 90' lang='lat' dir='ltr'>pri·</span> <span class='ocrx_word' id='word_1_193' title='bbox 689 3267 815 3326; x_wconf 79' lang='lat' dir='ltr'>ferasin</span> <span class='ocrx_word' id='word_1_194' title='bbox 830 3265 1055 3327; x_wconf 84' lang='lat' dir='ltr'>aliamterranr.</span> <span class='ocrx_word' id='word_1_195' title='bbox 1103 3260 1183 3321; x_wconf 84' lang='lat' dir='ltr'>Sub·</span> 
     </span>
     <span class='ocr_line' id='line_1_28' title="bbox 154 3360 1181 3445; baseline -0.004 -16"><span class='ocrx_word' id='word_1_196' title='bbox 154 3366 489 3445; x_wconf 77' lang='lat' dir='ltr'>mariolocoao,s.54.</span> <span class='ocrx_word' id='word_1_197' title='bbox 524 3369 649 3430; x_wconf 64' lang='grc' dir='ltr'>κᾶλα·</span> <span class='ocrx_word' id='word_1_198' title='bbox 689 3369 760 3427; x_wconf 83' lang='lat' dir='ltr'>iicit</span> <span class='ocrx_word' id='word_1_199' title='bbox 774 3368 839 3445; x_wconf 84' lang='lat' dir='ltr'>se,</span> <span class='ocrx_word' id='word_1_200' title='bbox 868 3364 1030 3437; x_wconf 85' lang='lat' dir='ltr'>adolescit,</span> <span class='ocrx_word' id='word_1_201' title='bbox 1066 3360 1181 3425; x_wconf 80' lang='lat' dir='ltr'>crescit.</span> 
     </span>
     <span class='ocr_line' id='line_1_29' title="bbox 145 3468 1184 3551; baseline -0.006 -22"><span class='ocrx_word' id='word_1_202' title='bbox 145 3471 281 3550; x_wconf 77' lang='lat' dir='ltr'>saulus,</span> <span class='ocrx_word' id='word_1_203' title='bbox 324 3468 414 3528; x_wconf 83' lang='lat' dir='ltr'>arbos</span> <span class='ocrx_word' id='word_1_204' title='bbox 440 3470 648 3551; x_wconf 83' lang='lat' dir='ltr'>glandiferae</span> <span class='ocrx_word' id='word_1_205' title='bbox 689 3471 787 3551; x_wconf 86' lang='lat' dir='ltr'>Supra</span> <span class='ocrx_word' id='word_1_206' title='bbox 803 3470 866 3534; x_wconf 81' lang='lat' dir='ltr'>E&#39;ct.</span> <span class='ocrx_word' id='word_1_207' title='bbox 879 3470 920 3543; x_wconf 86' lang='lat' dir='ltr'>X,</span> <span class='ocrx_word' id='word_1_208' title='bbox 937 3477 979 3549; x_wconf 74' lang='lat'>74</span> <span class='ocrx_word' id='word_1_209' title='bbox 1010 3468 1184 3550; x_wconf 79' lang='lat' dir='ltr'>Qttantram</span> 
     </span>
     <span class='ocr_line' id='line_1_30' title="bbox 156 3567 1195 3656; baseline -0.006 -24"><span class='ocrx_word' id='word_1_210' title='bbox 156 3591 326 3656; x_wconf 85' lang='lat' dir='ltr'>quercuum</span> <span class='ocrx_word' id='word_1_211' title='bbox 356 3591 490 3652; x_wconf 85' lang='lat' dir='ltr'>genere,</span> <span class='ocrx_word' id='word_1_212' title='bbox 541 3574 648 3633; x_wconf 86' lang='lat' dir='ltr'>admo·</span> <span class='ocrx_word' id='word_1_213' title='bbox 688 3593 767 3632; x_wconf 84' lang='lat' dir='ltr'>vere</span> <span class='ocrx_word' id='word_1_214' title='bbox 793 3594 880 3632; x_wconf 84' lang='lat' dir='ltr'>nono</span> <span class='ocrx_word' id='word_1_215' title='bbox 907 3569 1025 3632; x_wconf 82' lang='lat' dir='ltr'>viridis</span> <span class='ocrx_word' id='word_1_216' title='bbox 1040 3568 1084 3646; x_wconf 84' lang='lat' dir='ltr'>se</span> <span class='ocrx_word' id='word_1_217' title='bbox 1100 3567 1195 3646; x_wconf 66' lang='lat' dir='ltr'>sub0,</span> 
     </span>
     <span class='ocr_line' id='line_1_31' title="bbox 156 3667 1184 3753; baseline -0.002 -19"><span class='ocrx_word' id='word_1_218' title='bbox 156 3675 232 3734; x_wconf 83' lang='lat' dir='ltr'>dunt</span> <span class='ocrx_word' id='word_1_219' title='bbox 253 3693 399 3753; x_wconf 83' lang='lat' dir='ltr'>procera,</span> <span class='ocrx_word' id='word_1_220' title='bbox 439 3675 519 3735; x_wconf 89' lang='lat' dir='ltr'>conf.</span> <span class='ocrx_word' id='word_1_221' title='bbox 542 3677 594 3735; x_wconf 83' lang='lat' dir='ltr'>inl.</span> <span class='ocrx_word' id='word_1_222' title='bbox 618 3697 647 3735; x_wconf 90' lang='lat' dir='ltr'>v.</span> <span class='ocrx_word' id='word_1_223' title='bbox 690 3676 762 3734; x_wconf 78' lang='lat' dir='ltr'>iict&#39;t</span> <span class='ocrx_word' id='word_1_224' title='bbox 775 3676 879 3735; x_wconf 82' lang='lat' dir='ltr'>alnus.</span> <span class='ocrx_word' id='word_1_225' title='bbox 912 3675 1029 3734; x_wconf 88' lang='lat' dir='ltr'>Locum</span> <span class='ocrx_word' id='word_1_226' title='bbox 1043 3667 1184 3751; x_wconf 80' lang='lat' dir='ltr'>expreffit</span> 
     </span>
     <span class='ocr_line' id='line_1_32' title="bbox 158 3774 1183 3858; baseline -0.005 -21"><span class='ocrx_word' id='word_1_227' title='bbox 158 3795 338 3855; x_wconf 80' lang='lat'>291-297.</span> <span class='ocrx_word' id='word_1_228' title='bbox 359 3775 426 3835; x_wconf 89' lang='lat' dir='ltr'>Ioni</span> <span class='ocrx_word' id='word_1_229' title='bbox 444 3775 531 3837; x_wconf 87' lang='lat' dir='ltr'>sacra.</span> <span class='ocrx_word' id='word_1_230' title='bbox 558 3779 649 3838; x_wconf 88' lang='lat' dir='ltr'>Dicta</span> <span class='ocrx_word' id='word_1_231' title='bbox 693 3777 851 3839; x_wconf 87' lang='lat' dir='ltr'>Claudian.</span> <span class='ocrx_word' id='word_1_232' title='bbox 867 3777 908 3847; x_wconf 87' lang='lat' dir='ltr'>X,</span> <span class='ocrx_word' id='word_1_233' title='bbox 923 3784 985 3855; x_wconf 77' lang='lat'>244</span> <span class='ocrx_word' id='word_1_234' title='bbox 994 3774 1056 3858; x_wconf 88' lang='lat' dir='ltr'>sqq.</span> <span class='ocrx_word' id='word_1_235' title='bbox 1079 3774 1183 3833; x_wconf 84' lang='lat' dir='ltr'>Docte</span> 
     </span>
     <span class='ocr_line' id='line_1_33' title="bbox 155 3878 1182 3955; baseline -0.004 -16"><span class='ocrx_word' id='word_1_236' title='bbox 155 3899 194 3940; x_wconf 86' lang='lat' dir='ltr'>ea</span> <span class='ocrx_word' id='word_1_237' title='bbox 215 3881 364 3938; x_wconf 75' lang='lat' dir='ltr'>maxima</span> <span class='ocrx_word' id='word_1_238' title='bbox 387 3878 566 3938; x_wconf 67' lang='lat' dir='ltr'>arborum:</span> <span class='ocrx_word' id='word_1_239' title='bbox 601 3900 651 3940; x_wconf 86' lang='lat' dir='ltr'>ac·</span> <span class='ocrx_word' id='word_1_240' title='bbox 693 3894 795 3940; x_wconf 87' lang='lat' dir='ltr'>autent</span> <span class='ocrx_word' id='word_1_241' title='bbox 830 3882 944 3938; x_wconf 89' lang='lat' dir='ltr'>variata</span> <span class='ocrx_word' id='word_1_242' title='bbox 977 3880 1077 3938; x_wconf 88' lang='lat' dir='ltr'>oratio</span> <span class='ocrx_word' id='word_1_243' title='bbox 1103 3894 1182 3955; x_wconf 81' lang='lat' dir='ltr'>prot</span> 
     </span>
     <span class='ocr_line' id='line_1_34' title="bbox 156 3974 1207 4066; baseline 0.003 -23"><span class='ocrx_word' id='word_1_244' title='bbox 156 3987 227 4062; x_wconf 88' lang='lat' dir='ltr'>cipe</span> <span class='ocrx_word' id='word_1_245' title='bbox 264 4000 340 4061; x_wconf 87' lang='lat' dir='ltr'>prot</span> <span class='ocrx_word' id='word_1_246' title='bbox 396 3985 429 4040; x_wconf 92' lang='lat' dir='ltr'>in</span> <span class='ocrx_word' id='word_1_247' title='bbox 463 3981 650 4043; x_wconf 83' lang='lat' dir='ltr'>nemoribus.</span> <span class='ocrx_word' id='word_1_248' title='bbox 694 3982 771 4041; x_wconf 82' lang='lat' dir='ltr'>aliae</span> <span class='ocrx_word' id='word_1_249' title='bbox 794 3974 854 4044; x_wconf 70' lang='lat' dir='ltr'>vird</span> <span class='ocrx_word' id='word_1_250' title='bbox 881 3974 1092 4066; x_wconf 65' lang='grc' dir='ltr'>ταραστοὶδος,</span> <span class='ocrx_word' id='word_1_251' title='bbox 1134 3995 1207 4050; x_wconf 48' lang='lat' dir='ltr'>rag</span> 
     </span>
     <span class='ocr_line' id='line_1_35' title="bbox 155 4082 1181 4164; baseline -0.01 -20"><span class='ocrx_word' id='word_1_252' title='bbox 155 4087 209 4145; x_wconf 85' lang='lat' dir='ltr'>Sic</span> <span class='ocrx_word' id='word_1_253' title='bbox 228 4085 342 4144; x_wconf 80' lang='lat' dir='ltr'>Graeci</span> <span class='ocrx_word' id='word_1_254' title='bbox 362 4083 427 4143; x_wconf 82' lang='lat' dir='ltr'>casu</span> <span class='ocrx_word' id='word_1_255' title='bbox 456 4084 587 4146; x_wconf 84' lang='lat' dir='ltr'>secundo</span> <span class='ocrx_word' id='word_1_256' title='bbox 608 4090 651 4145; x_wconf 88' lang='lat' dir='ltr'>vti</span> <span class='ocrx_word' id='word_1_257' title='bbox 693 4083 760 4143; x_wconf 91' lang='lat' dir='ltr'>dice</span> <span class='ocrx_word' id='word_1_258' title='bbox 783 4082 871 4146; x_wconf 80' lang='lat' dir='ltr'>infixa</span> <span class='ocrx_word' id='word_1_259' title='bbox 898 4083 979 4156; x_wconf 90' lang='lat' dir='ltr'>solo,</span> <span class='ocrx_word' id='word_1_260' title='bbox 1005 4083 1181 4164; x_wconf 85' lang='lat' dir='ltr'>gignantur,</span> 
     </span>
     <span class='ocr_line' id='line_1_36' title="bbox 154 4179 1181 4272; baseline -0.013 -23"><span class='ocrx_word' id='word_1_261' title='bbox 154 4185 275 4249; x_wconf 78' lang='lat' dir='ltr'>solent:</span> <span class='ocrx_word' id='word_1_262' title='bbox 327 4181 505 4272; x_wconf 54' lang='grc' dir='ltr'>ὑψηλοτάτη</span> <span class='ocrx_word' id='word_1_263' title='bbox 533 4185 650 4254; x_wconf 66' lang='lat' dir='ltr'>eiiciat</span> <span class='ocrx_word' id='word_1_264' title='bbox 691 4202 723 4248; x_wconf 89' lang='lat' dir='ltr'>vt</span> <span class='ocrx_word' id='word_1_265' title='bbox 741 4185 875 4260; x_wconf 77' lang='lat' dir='ltr'>cerasus,</span> <span class='ocrx_word' id='word_1_266' title='bbox 901 4186 998 4246; x_wconf 79' lang='lat' dir='ltr'>vlmut</span> <span class='ocrx_word' id='word_1_267' title='bbox 1018 4195 1051 4242; x_wconf 85' lang='lat' dir='ltr'>et</span> <span class='ocrx_word' id='word_1_268' title='bbox 1068 4179 1181 4246; x_wconf 77' lang='lat' dir='ltr'>lanan.</span> 
     </span>
    </p>
   </div>
   <div class='ocr_carea' id='block_1_10' title="bbox 0 0 1364 4914">
    <p class='ocr_par' dir='ltr' id='par_1_11' title="bbox 0 0 1364 4914">
     <span class='ocr_line' id='line_1_37' title="bbox 0 0 1364 4914; baseline 0 0"><span class='ocrx_word' id='word_1_269' title='bbox 0 0 1364 4914; x_wconf 95' lang='lat' dir='ltr'> </span> 
     </span>
    </p>
   </div>
  </div>
 </body>
</html>
