2692 4914
155 337 225 413 ιε..
315 278 953 417 .-e.vtno1t1rnsnonts

24 577 26 582 .
146 515 422 619 Caucasiasque
456 514 571 592 refert
604 517 791 607 volucres,
833 514 1050 618 furtumque
1085 522 1181 595 Pro·

765 635 916 710 methei.

154 775 221 850 His
242 771 426 870 adiungit,
461 768 583 862 Hylan
603 787 740 843 nautae
762 793 838 868 quo
862 767 968 842 fonte
986 768 1162 843 relietum

50 938 56 951 *
156 903 395 997 elamassent,
440 923 480 980 vt
516 904 624 994 litus,
675 903 785 997 Hyla,
833 902 946 995 Hyla,
983 927 1098 977 omne
1128 902 1186 975 s-

771 1039 896 1109 naret3

154 1156 202 1232 Et
224 1152 459 1242 fortunatam,
481 1145 716 1251 finunquarn
734 1170 902 1226 armenta
923 1149 1081 1244 fuissent,
1134 1151 1184 1237 45

154 1285 357 1386 Pafiphaen
377 1290 480 1358 niuei
505 1283 641 1357 solatur
666 1310 796 1359 amore
816 1290 977 1359 iuuenci.

153 1419 230 1510 Ah,
266 1416 371 1515 virgo
391 1413 537 1508 infelix,
572 1442 668 1517 quae
690 1436 728 1492 te
751 1418 940 1493 dementia
961 1417 1079 1516 cepit!
1194 1457 1197 1463 ·

155 1599 216 1676 post
235 1597 360 1671 Pyrrham
376 1597 450 1670 poni.
534 1607 569 1668 42
588 1595 811 1670 camdemque,-
844 1598 879 1652 fic
898 1596 1047 1652 vetustiores
1069 1597 1135 1650 Pier.
1158 1612 1184 1651 et

154 1684 246 1741 neiat
283 1683 496 1755 Caucaseaeque
515 1682 566 1737 ilii.
604 1685 816 1756 Caucaseaeque
831 1684 896 1753 Reg.
933 1683 1079 1753 Caucasea
1097 1683 1183 1754 refert

156 1770 230 1826 laid.
266 1768 411 1823 Promoti!
425 1769 530 1829 Frena..
549 1767 636 1841 licque
650 1763 723 1822 Seru.
740 1768 808 1821 adv.
822 1770 863 1836 78,
883 1768 924 1822 vbi
943 1769 1014 1822 Terr‘.
1080 1763 1184 1839 4310·-

154 1857 208 1913 lan
225 1855 293 1907 Pier.
308 1870 334 1907 et
346 1852 435 1906 Heins.
453 1853 640 1906 melioribus.
680 1853 768 1924 Vulgo
783 1854 894 1923 Hylam.
975 1862 1009 1919 44
1028 1872 1084 1922 quo
1104 1856 1184 1906 trecas

155 1957 188 1994 ex
207 1938 308 2010 aliquot
322 1934 378 1990 mff.
392 1936 482 1989 laudet
494 1938 560 1990 Pier.
628 1947 662 2006 47
677 1938 797 1991 Seruius:
816 1936 914 1990 Caluus
928 1936 957 1988 in
968 1938 1014 1990 Io:
1034 1938 1084 1990 Als
1097 1946 1181 2010 virgo

154 2023 279 2096 infelix,
308 2021 402 2076 herbis
419 2020 546 2092 pasceris
564 2029 677 2073 amaris.

154 2160 262 2222 lioneo
282 2163 452 2221 anteriora:
472 2156 577 2219 sedin
599 2160 651 2218 tali
689 2169 771 2220 mate
787 2156 840 2233 est,
863 2162 1077 2242 quaepoetiea
1093 2164 1184 2242 copie

154 2262 389 2322 enumeratione
409 2259 549 2320 ordiuem
573 2276 650 2319 tem·
690 2265 793 2321 ornari
810 2257 949 2340 poffunt:
981 2265 1085 2345 itaque
1108 2269 1185 2324 arri·

154 2379 268 2444 potum
291 2361 412 2423 seruare
438 2380 506 2424 non
526 2356 648 2424 neceffe
688 2366 756 2441 puit
769 2377 863 2441 poeta
878 2377 908 2421 et
922 2366 957 2421 in
970 2383 1009 2421 eo
1028 2380 1182 2425 moratur:

153 2477 230 2522 emt,
655 2453 656 2458 ἵ
688 2463 775 2522 Haec
789 2483 849 2522 vna
863 2460 907 2522 est
920 2467 1009 2536 ratio,
1025 2485 1088 2546 qua
1101 2471 1184 2534 tueri

688 2559 779 2642 poffis
793 2562 914 2646 mythos
933 2579 995 2623 tem
1009 2566 1184 2644 promiscue

192 2663 246 2739 45.
271 2661 317 2720 Ex
332 2658 546 2744 infignioribtts
567 2667 645 2724 nnti-
685 2681 887 2738 memoratos,
908 2681 956 2739 vt,
979 2686 1040 2726 nec
1054 2667 1184 2730 dilectus

151 2764 275 2846 quitatis
308 2762 419 2844 mythis
452 2763 519 2824 sunt
546 2765 645 2847 Argo·
684 2784 744 2824 nec
762 2765 895 2838 ordinis,
925 2767 1016 2827 vllam
1027 2777 1184 2831 rationem

150 2868 275 2924 nautica
295 2877 328 2923 et
350 2882 398 2922 res
418 2866 574 2943 Herculis3
606 2885 644 2926 ex
684 2864 830 2925 idoneam
842 2872 978 2947 reperire
997 2890 1102 2952 queas.
1124 2874 1184 2950 so·

79 2976 83 2984 “
149 2961 197 3024 his
213 2985 288 3024 vnus
303 2963 444 3022 laudatur
457 2966 567 3047 Hyles,
588 2967 645 3026 Ar·
688 2966 780 3025 latur
796 2987 911 3026 amore
930 2972 1082 3039 iuuenci,-
1120 2976 1183 3036 ele·

146 3085 192 3148 ,go
222 3063 261 3123 ed
289 3061 416 3147 Mysum
446 3067 586 3145 appulsa,
627 3088 646 3127 a
687 3065 856 3150 gentiffima
870 3069 1040 3145 conuerfio,
1050 3094 1115 3154 pro
1130 3097 1182 3150 eo,

148 3163 300 3246 Nymphis
321 3180 425 3243 raptus
440 3179 473 3224 et
485 3164 591 3227 frustra
605 3168 644 3229 ab
687 3170 771 3252 quod
788 3168 963 3251 [impliciter
981 3189 1062 3249 eret,
1090 3178 1182 3254 Pafi·

149 3264 285 3323 Hercule
309 3261 469 3345 quaesitus.
500 3289 528 3328 v.
550 3271 646 3350 Apol·
682 3270 787 3350 plsaes
805 3293 935 3332 amores
955 3278 1063 3350 canit,
1097 3301 1181 3362 queo

148 3361 435 3444 lon.11,1207sq.
477 3368 540 3448 Qui
551 3370 590 3430 de
603 3391 643 3431 eo
683 3368 788 3430 fabula
838 3394 951 3457 magna
995 3399 1066 3437 cum
1111 3399 1181 3446 arte

146 3477 296 3542 egerunt,
345 3463 484 3544 adscripti
512 3467 643 3532 suntin
684 3470 724 3529 sd
770 3492 874 3534 rerum
925 3478 1180 3558 praesentiffimrs

111 3602 116 3613 .
145 3561 220 3621 Not.
248 3562 288 3621 ed
314 3564 461 3624 Antonin.
500 3566 566 3631 Lib.
590 3575 640 3634 26.
682 3574 830 3655 imagines
843 3591 1180 3665 reuocataapponitur.

144 3663 198 3738 45.
216 3666 270 3742 46.
301 3665 350 3724 Ad
370 3670 558 3748 antiquiores
574 3692 641 3754 my·
682 3674 732 3733 Sic
766 3692 880 3756 poetae
915 3681 1060 3745 dicuntur
1101 3712 1180 3749 con·

143 3760 214 3822 thos
233 3764 387 3826 referendi
402 3768 570 3846 Cretenses,
591 3777 639 3835 in·
681 3780 775 3858 queri
791 3799 860 3854 eos,
890 3803 1023 3864 quorum
1046 3789 1109 3850 fata
1130 3814 1180 3853 ca·

142 3884 205 3946 qne
220 3863 266 3925 his
280 3867 423 3949 Europae
444 3893 550 3954 genus,
576 3876 636 3935 Mi-
678 3894 767 3952 nunt,
784 3901 868 3942 nunc
875 3883 996 3959 solari.
1012 3889 1050 3948 cf.
1063 3895 1116 3954 62.
1125 3898 1178 3958 63.

139 3982 209 4037 nos,
232 3971 281 4026 cui
295 3986 393 4051 nupta
406 3973 465 4033 fuit
480 3973 634 4056 Pafiphae.
676 3988 728 4058 47.
757 3985 851 4061 virgo
874 3984 963 4060 h.1.,
1000 4006 1034 4050 vt
1058 3997 1176 4074 puella,

138 4086 167 4125 v.
203 4068 349 4149 Apollod.
380 4074 434 4146 111,
471 4098 497 4136 1.
559 4078 633 4138 Eius
676 4086 804 4143 omnino
833 4109 891 4166 pro
919 4089 1058 4164 femina:
1100 4117 1177 4160 nem

139 4185 226 4228 tneor
264 4177 343 4232 tauri
373 4177 456 4238 inter
487 4175 633 4259 phamas·
673 4199 770 4266 nupta
786 4188 836 4247 illst
853 4207 917 4250 eret
930 4193 1042 4258 Minoi.
