2692 4914
404 301 465 374 IN
501 297 799 376 csouoms
1039 295 1111 373 255
1222 260 1234 287 ⁴

10 544 17 558 .
71 489 206 569 tibus,
245 479 422 588 erprqffa
435 483 540 580 sint3
585 512 636 558 ea
661 513 776 567 vero,
812 511 916 586 quae
936 483 1115 582 uniuerse

73 618 164 690 dici
178 626 383 714 poterant,
408 610 466 681 ad
476 609 638 705 factum
653 612 832 711 aliquod,
852 612 973 708 idque
988 634 1115 681 onum

74 757 117 813 et
159 737 362 808 actionem
389 730 639 833 singularem
660 755 699 805 ‘e
734 730 868 804 multis
909 750 1115 813 reuocata,

76 864 142 938 ad
172 863 315 932 viuum
343 856 661 956 repraesentata,
703 857 961 956 descriptione
992 858 1115 929 oculis

68 982 282 1084 subiecta,
327 979 516 1079 exemplis
554 997 592 1051 et
634 978 995 1079 comparationibus
1025 978 1115 1051 illu·

68 1107 230 1209 strata,
260 1102 468 1201 sententiis
488 1103 680 1204 grauibus
695 1102 779 1199 stnt
801 1109 847 1178 di
877 1110 1006 1202 incta,
1033 1129 1115 1176 om-
1227 1110 1229 1114 ’

78 1239 258 1332 uinoque
275 1232 336 1300 ita
360 1243 557 1308 tractata,
591 1246 638 1299 vt
657 1254 739 1300 non
760 1247 847 1301 tam
869 1233 1024 1301 animus
1044 1231 1116 1300 do-

81 1360 166 1430 ceri
179 1353 231 1450 se
240 1351 398 1454 sentiat
418 1376 542 1450 quam
562 1350 772 1423 delectari:
800 1371 845 1424 vt
866 1380 947 1424 non
964 1378 1116 1453 magna

83 1481 215 1552 animi
242 1477 461 1547 intentione
499 1476 559 1546 ad
589 1477 903 1576 cognoscendum
926 1503 1023 1576 opus
1046 1475 1115 1571 stt,

74 1603 154 1702 sed
172 1619 219 1673 vt
232 1599 338 1696 satis
351 1594 427 1691 stt,
464 1599 585 1670 modo
614 1603 769 1670 animus
789 1602 1022 1698 recipiendis
1044 1604 1117 1671 im·
1214 1667 1218 1684 ,

80 1722 252 1827 pulsibus
279 1725 491 1800 variarum
520 1726 745 1822 imaginum
766 1720 1117 1823 sensationumque
1157 1819 1159 1822 y

82 1864 223 1949 pateat
229 1873 247 1932 ,·
287 1862 333 1916 vt
357 1862 574 1946 praecepta
597 1863 635 1917 et
654 1844 881 1942 sententiae
901 1843 1011 1946 quasi
1034 1869 1118 1916 cor-

83 1998 182 2070 pore
213 1969 352 2067 aliquo
383 1970 574 2041 inductae
596 1966 769 2067 senflbus
790 1968 997 2068 subiectae
1023 1984 1118 2041 aute

87 2094 221 2167 oculos
260 2094 444 2165 incedere
476 2094 717 2192 palparique
745 2088 853 2192 poffe
887 2094 1117 2174 videantur,

87 2236 226 2319 utque,
267 2217 366 2288 dum
389 2219 432 2286 in
458 2241 592 2287 rerum
613 2214 699 2314 ipsa
717 2221 960 2290 tractatione
983 2235 1021 2289 et
1045 2216 1119 2315 vsu
1193 2194 1204 2213 ’ν

88 2341 238 2439 versari
255 2356 297 2411 te
316 2336 528 2436 existimes,
546 2337 635 2434 stne
658 2345 768 2411 omni
791 2337 984 2438 molestia,
1005 2358 1120 2442 putes

88 2484 127 2538 te
154 2463 383 2562 adsuescere
414 2469 549 2565 potius
573 2461 686 2534 rebus
717 2466 884 2563 agendis
911 2491 1034 2565 quam
1059 2468 1119 2538 di·

80 2587 249 2684 scendis.
315 2591 407 2659 Iam
433 2613 493 2661 res
525 2584 635 2658 aliae
674 2589 855 2659 naturali
882 2590 1023 2688 aliqua
1041 2587 1120 2686 seu

93 2714 288 2812 dignitate
307 2710 385 2807 seu
408 2711 618 2808 suauitate
642 2709 694 2804 se
727 2714 1028 2789 commendant,
1076 2716 1119 2783 in

91 2833 226 2934 quibus
255 2851 404 2934 poetae
432 2840 517 2905 iam
546 2834 650 2931 sotis
677 2851 830 2932 parata
855 2834 959 2914 laus,
997 2835 1118 2905 modo

91 2985 139 3029 ne
159 2983 227 3030 eas
248 2963 430 3030 oratione
456 2962 633 3047 deterat;
678 2957 848 3058 sufficit,
891 2975 935 3028 ut
956 2975 1097 3056 aequet
1103 2986 1118 3044 ς

70 3106 77 3123 ¹
81 3079 145 3178 fin
172 3082 389 3181 amplificet
421 3101 459 3155 et
492 3102 661 3186 augeat,
707 3083 752 3151 id
781 3107 876 3152 vero
917 3081 975 3152 ad
1005 3096 1118 3152 tanto

91 3211 286 3278 maiorem
306 3209 457 3305 ingenii
484 3208 872 3279 commendationem
893 3204 1037 3303 facere
1055 3231 1120 3277 ne·

90 3326 185 3427 ccffe
220 3326 292 3426 est:
353 3328 462 3400 aliae
499 3317 634 3402 autem
664 3355 723 3401 res
753 3347 825 3400 aut
857 3322 1006 3400 natura
1036 3330 1119 3427 sua

86 3469 223 3525 tenues
252 3468 290 3523 et
317 3458 495 3534 ieiunae,
542 3472 614 3525 aut
642 3459 828 3553 opinione
853 3454 1036 3533 humiles,
1082 3472 1120 3528 et

86 3575 201 3647 nullo
214 3574 294 3674 suo
317 3579 459 3650 decore
478 3576 683 3678 infignitae
692 3576 811 3674 sunt;
835 3604 933 3677 quas
942 3576 981 3674 st
996 3598 1121 3680 poeta

86 3724 182 3770 cum
205 3724 279 3797 per
289 3700 340 3797 se
360 3719 480 3801 grato
505 3702 640 3801 aliquo
661 3700 801 3772 habitu
819 3704 1001 3782 induere,
1036 3721 1122 3776 tum

86 3838 347 3894 externarum
390 3851 543 3905 rerum,
606 3828 784 3924 inprimis
830 3825 1120 3927 digreffionum,

84 3944 350 4043 virtutesatis
374 3973 519 4022 ornare
532 3953 727 4050 potuerit,
771 3953 812 4020 iu
834 3977 879 4022 eo
899 3976 994 4023 vero
1009 3952 1122 4047 sum·

85 4095 201 4140 mam
215 4075 401 4168 poeticae
423 4075 638 4171 facultatis
668 4089 706 4144 et
728 4079 823 4146 artis
847 4063 1010 4146 laudem
1032 4100 1121 4144 con·

71 4193 273 4289 sequitur.
339 4197 631 4300 Digreffionum
656 4202 793 4297 itaque
813 4199 872 4271 ad
894 4199 1121 4270 ornandum
