2692 4914
153 339 229 436 698
367 333 411 404 r.
434 319 686 407 vincturi
719 317 1006 414 Minurus

153 528 213 599 Bis
232 520 408 623 grauidos
428 539 570 619 cogunt
587 517 701 613 fetus,
716 519 817 595 ‘duo
846 541 1033 626 tempora
1050 519 1174 600 meilis:

224 739 273 793 231
284 736 388 808 foetor
405 754 445 808 pr.
466 735 593 788 Rottend.
640 736 755 806 „stores
774 736 961 792 emendatum
980 738 1042 795 fuit.
1090 740 1121 793 Ει
1137 739 1191 793 bem

156 823 296 896 grauido:
312 823 418 892 stores,
440 822 502 892 quia
515 839 547 874 ex
564 821 607 875 hi·
628 823 718 876 omnia
740 833 907 892 generent.“
953 825 1002 878 Sic
1024 825 1190 896 Philargyrus

158 911 241 962 Vides
266 909 377 980 ineptire
408 906 596 961 Grammatici:
636 909 681 978 qui
706 923 796 960 tamen
824 910 896 961 bene
916 907 1001 964 [enfit
1026 910 1190 966 difficuluten

159 992 239 1047 inesse
259 994 317 1046 voci
333 991 425 1062 secret.
474 991 568 1044 Versus
588 992 636 1044 231
655 994 748 1047 -235
778 992 937 1064 interpoiiri
957 996 1064 1049 cursum
1083 997 1190 1049 orationis

158 1077 287 1150 impedire
308 1076 460 1132 videbantur
473 1079 513 1134 Io.
527 1075 686 1138 Schradero3
712 1076 884 1151 malebatque
909 1079 960 1132 ille
980 1101 1030 1136 cot
1049 1080 1190 1155 polin&

160 1163 298 1217 collocare.
333 1165 374 1216 lte
393 1181 454 1216 vero
475 1161 526 1215 elia
539 1162 664 1216 orationi·
684 1162 806 1233 asperim
826 1164 979 1220 suboritur.

160 1349 213 1412 red
243 1349 319 1433 quid
346 1365 413 1410 tum
434 1348 478 1412 est
491 1349 654 1433 sparsus?
693 1350 812 1410 micitia·
840 1366 876 1412 et
905 1353 1084 1415 interdum
1108 1369 1189 1412 cetra

158 1454 246 1515 nullo
273 1452 419 1514 sermonis
448 1452 500 1513 vsu
526 1453 652 1514 defendi
693 1449 903 1514 domicilium
935 1458 985 1535 se
1018 1457 1188 1536 conferunt.

156 1551 275 1637 potest,
305 1554 446 1636 sparsus
477 1575 536 1636 pro
570 1553 652 1635 sper·
693 1553 861 1636 Coguntur
876 1578 963 1641 ergo
986 1565 1021 1620 in
1043 1580 1133 1620 vnum
1151 1559 1188 1618 lo·

158 1677 252 1741 gens,
280 1656 394 1718 dictum
416 1653 486 1717 effe.
536 1656 651 1717 Sedet
693 1676 772 1716 cum.
816 1658 923 1737 fetus
944 1665 993 1721 ite
1014 1683 1074 1743 pro
1095 1660 1187 1743 apibus

157 1757 209 1820 hic
223 1761 435 1842 accipiendum
451 1755 511 1820 est:
538 1757 650 1840 asper·
690 1762 822 1819 omnino
839 1760 932 1836 dixit,
956 1765 1097 1842 vtfetus
1107 1761 1188 1823 adut

145 1864 211 1942 [ιιι
231 1863 294 1945 ipse
309 1883 407 1947 aque,
431 1860 469 1923 sc.
480 1860 585 1943 quoad
602 1881 648 1933 os,
691 1874 743 1920 tos
777 1859 845 1942 sup.
881 1884 915 1922 v.
955 1868 1034 1933 163,
1084 1882 1114 1926 et
1138 1865 1185 1944 se·

157 1985 238 2049 aque
274 1966 437 2046 repletum.
511 1963 649 2022 Firmum
691 1977 745 2022 tus
764 1983 870 2043 apum
891 1965 993 2048 saepe
1019 1968 1184 2030 columelli

151 2065 392 2150 praetendere,
446 2062 478 2124 h.
513 2080 586 2125 ente
618 2064 649 2126 fe
690 2064 818 2125 Sensum
837 2082 953 2129 tamen
973 2085 1007 2130 et
1022 2070 1086 2153 ipse
1098 2069 1183 2130 habeo

156 2170 256 2239 ferre3
292 2189 356 2252 quo
375 2167 486 2228 scilicet
514 2188 588 2248 uper
615 2171 650 2228 in
689 2164 783 2227 ineffe
812 2168 939 2252 aliquid
968 2173 1057 2241 duri;
1093 2177 1182 2253 itaque

155 2262 339 2332 vestibulum
358 2271 407 2330 vel
422 2269 530 2329 cellum
545 2270 650 2329 eliam·
689 2267 771 2329 bene
803 2273 1020 2336 monentibus
1042 2275 1180 2337 concedo:

155 2393 195 2435 ve
223 2372 305 2433 aluei
331 2387 452 2452 purtem
487 2370 650 2455 abigantur
689 2375 847 2452 inprimis,
888 2377 988 2457 'quod
1020 2398 1106 2438 nunc
1127 2395 1179 2436 nun

155 2476 307 2556 fauorque
327 2472 505 2533 eximendos
528 2494 546 2534 u
572 2476 650 2535 mel·
689 2473 771 2556 ipsae
786 2496 862 2556 apes
877 2475 953 2538 sunt
968 2501 1080 2562 graues
1095 2480 1179 2550 melle,

156 2577 235 2639 lario
247 2576 437 2658 relinquant:
455 2575 492 2634 cf.
502 2576 648 2656 Geopon.
688 2575 739 2636 sed
753 2577 817 2636 faui
831 2576 904 2637 sunt
919 2601 1047 2662 graues.
1067 2584 1179 2642 Manen·

83 2674 88 2680 ’
154 2681 227 2752 XV,
249 2682 280 2751 5,
300 2680 330 2750 5,
355 2692 386 2737 et
408 2680 438 2751 6,
464 2700 489 2736 ι.
525 2679 647 2740 Colum.
689 2679 763 2738 dum
781 2683 877 2762 igitur
895 2685 1177 2775 inalteraCerdtrg

153 2780 268 2854 1x,15
293 2787 324 2857 4.
338 2781 367 2841 5.
383 2783 413 2843 6.
431 2780 578 2854 Pliux1,
596 2784 645 2856 16,
687 2781 785 2841 Ruuei
805 2797 839 2841 et
854 2784 1023 2847 Marum
1013 2805 1179 2870 interpretr-

152 2883 224 2946 sect
243 2886 280 2946 15
296 2897 370 2944 extr.
687 2887 790 2953 tione,
830 2890 887 2966 qui
918 2890 962 2948 ud
989 2895 1177 2972 interpretum

196 2985 387 3048 231-255.
416 2983 647 3048 Suntheecin·
687 2984 868 3046 consensum
890 3010 1072 3069 prouocet,
1096 2995 1177 3074 few

151 3085 540 3168 terpofita.Bir'1nenno
553 3088 645 3149 melle
683 3086 846 3167 grarridos
881 3089 948 3154 effe
985 3096 1086 3177 ipsum
1116 3093 1175 3155 mei.

151 3193 342 3260 eximuntur,
385 3209 457 3249 vere
491 3205 645 3253 transacto
685 3210 802 3269 cogere
825 3193 932 3252 mella
954 3199 1088 3260 vidimus
1102 3199 1174 3278 supr·

151 3290 286 3370 (Colum.
301 3290 357 3363 IX,
377 3294 425 3362 15,
444 3294 483 3370 ι),
512 3308 543 3353 et
566 3297 645 3354 circe
685 3292 725 3354 vs.
751 3302 819 3372 140.
863 3295 1001 3359 Dictum
1023 3308 1082 3363 erit
1093 3302 1174 3382 setus

149 3396 380 3473 aequinoctium
406 3393 479 3468 (tx,
506 3402 553 3473 14,
580 3402 643 3473 ιι).
685 3399 817 3456 notione
848 3404 995 3482 generali
1033 3407 1073 3466 de
1110 3424 1172 3488 quo·

147 3492 308 3574 grauidas
321 3494 427 3572 fetus,
447 3516 529 3575 apes,
551 3497 644 3558 melle
686 3517 817 3580 cumque
860 3523 1047 3582 prouentu,
1104 3526 1171 3569 nunc

149 3615 276 3678 graues,
305 3598 473 3678 agricolae,
501 3598 554 3660 seu
568 3601 644 3661 mel·
684 3600 802 3679 mellis3
821 3621 891 3702 non
905 3608 1009 3670 modo
1024 3609 1170 3693 pecudum,

148 3696 232 3770 larii,
264 3715 385 3777 cogunt
404 3700 467 3774 bis,
507 3703 644 3783 compel·
686 3702 847 3777 arborum,
890 3715 970 3791 agri.
1042 3716 1170 3772 triticeos

147 3798 216 3860 lunt
240 3815 325 3860 extra
354 3803 434 3862 aluei
461 3799 642 3865 vestibulum
675 3806 772 3886 fetus
786 3808 883 3869 Ouid.
898 3810 1012 3886 Festl,
1022 3818 1093 3896 693,
1106 3831 1169 3892 gra.

148 3902 269 3962 Colum.
291 3903 353 3976 IX,
380 3907 427 3974 15,
450 3907 487 3968 6:
521 3908 641 3987 fumus
681 3908 777 3969 vidos
796 3912 927 3972 Cereris
940 3917 1043 3996 fetus
1065 3919 1103 3979 de
1119 3918 1168 3976 iru-

144 4002 285 4084 adapes
305 4004 524 4067 admonetur:
554 4032 640 4093 qnae
680 4028 787 4074 mento
808 4035 844 4074 ec
865 4037 971 4096 pane,
1012 4021 1088 4081 Ciris
1109 4020 1166 4089 230,

116 4099 120 4106 “
145 4104 316 4184 confestim
328 4107 456 4167 nidoris
467 4112 639 4191 impuriore.
680 4136 756 4199 ergo
778 4138 866 4178 nunc
883 4118 1028 4184 absolute
1048 4138 1165 4205 prouen-

144 4221 194 4268 ιιι
213 4211 250 4267 in
267 4212 415 4296 priorem
432 4228 566 4301 nartem
579 4215 639 4280 do-
679 4234 728 4282 tur
744 4221 854 4285 mellis.
896 4224 1066 4304 gravidus
1079 4240 1162 4288 auten
