2692 4914
777 34 1096 195 ⁶,'⁰

335 324 631 403 nvcotrci
665 324 784 396 EcL.
807 321 1014 414 tte-m
1050 261 1051 264 Ὺ
1140 341 1193 439 ⁴7

149 523 259 601 Ante,
291 518 491 612 pererratis
520 512 718 586 amborum
745 507 898 602 finibus,
931 511 1030 587 exsui

148 651 219 716 Aut
235 648 387 720 Ararim
402 647 558 724 Parthus
574 645 696 736 bibet,
733 663 798 716 aut
812 633 1012 722 Germania
1022 654 1182 753 Tigrim:

149 783 271 873 Quam
292 779 419 855 nostro
441 782 537 854 illius
554 780 701 854 labatur
719 797 877 878 pectore
898 783 1028 858 vultus.

146 940 182 984 rr.
197 916 247 985 At
271 938 343 986 nos
365 915 456 990 hinc
479 915 542 987 alii
568 911 719 989 iitientis
743 913 879 989 ibimus
899 915 1029 1009 Afr0s3
1129 923 1181 1001 65

145 1047 230 1120 Pars
273 1048 464 1141 Scythiam
507 1069 545 1124 et
580 1047 773 1148 ‚rapidum
814 1049 951 1125 Cretae
989 1058 1180 1136 veniemus

765 1184 923 1276 Oaxem,

219 1343 258 1398 63
283 1342 420 1416 ingeniose
454 1340 572 1398 tentabar
598 1346 637 1398 io.
658 1303 809 1399 'Schmdere
839 1349 900 1400 Aac
923 1348 1023 1402 Albim
1048 1349 1174 1415 Partito,

95 1450 100 1457 ·
144 1433 240 1497 linaiis
259 1448 310 1499 pro
327 1431 457 1498 Πορθανί-
525 1432 559 1497 64
577 1432 667 1484 cultus
682 1431 750 1483 coni.
772 1431 809 1484 vir
829 1432 921 1486 doctus
941 1434 1012 1505 apud
1029 1434 1173 1491 Burmann.

146 1515 173 1568 ⁶6
189 1514 224 1566 al.
245 1517 367 1577 Oaxen,
389 1518 502 1576 Onia,
527 1517 646 1570 Eaaeem.
681 1518 776 1570 Oaxes
796 1518 889 1571 Cretae
909 1518 936 1570 tl.
956 1519 1056 1573 nemini
1076 1540 1177 1576 memo·

181 1655 233 1713 62.
257 1650 449 1710 Pererratis
468 1649 643 1710 amborum
684 1651 802 1723 dicant,
825 1649 903 1714 hanc
924 1651 1018 1734 ipsam
1038 1655 1179 1718 locorum

139 1752 273 1832 finibus,
296 1755 338 1814 ad
354 1745 497 1815 ornatum
510 1753 641 1834 spectat:
684 1752 874 1814 inscientiam
896 1755 1055 1814 indoctum
1077 1757 1180 1819 seruu-

147 1857 323 1916 inutiliter
339 1853 642 1935 alteriur'iinesper-
684 1855 750 1914 lum
767 1876 834 1916 non
850 1856 928 1914 male
946 1856 1065 1917 decere.
1115 1862 1179 1921 Ve-

146 1963 309 2031 erranerit,
348 1959 388 2018 ad
410 1958 533 2017 alterius
556 1956 641 2017 sedes
683 1977 763 2030 rum,
785 1958 918 2038 populos
932 1959 1039 2019 Gallos
1053 1975 1084 2019 et
1098 1962 1179 2022 Ger·

147 2065 337 2140 peruenerit;
370 2058 399 2118 h.
423 2061 514 2119 antea
535 2056 642 2118 Parthi
683 2077 792 2119 menos
813 2059 930 2142 vulgari
951 2061 1091 2122 sermone
1112 2064 1178 2127 sero

147 2162 319 2245 migrabunt
360 2167 394 2223 in
432 2161 640 2232 Germaniam,
683 2161 849 2234 confundi,
888 2160 955 2221 satir
987 2160 1112 2224 constat.
1146 2187 1177 2226 v.

146 2283 170 2324 et
184 2267 340 2325 Germani
355 2264 440 2326 sedes
457 2260 640 2322 Parthorum
681 2263 845 2324 Burmann.
863 2260 892 2321 h.
909 2263 941 2330 L,
955 2267 1029 2323 item
1037 2266 1179 2328 Ruaetun

147 2367 356 2449 occupabunt:
376 2365 473 2449 quod,
501 2362 557 2424 ntfi
579 2367 640 2423 vic-
682 2380 714 2424 et
728 2366 904 2424 Martinam.
948 2366 988 2424 Et
1001 2365 1035 2425 fit
1049 2366 1108 2429 hoc
1127 2391 1179 2431 ea·

147 2475 174 2530 tis
190 2487 221 2530 et
236 2470 373 2530 subactis
387 2470 548 2537 Romanis,
574 2464 640 2525 fieri
683 2467 753 2526 dem
768 2467 832 2526 fere
845 2471 976 2540 ratione,
991 2489 1052 2548 que
1064 2471 1176 2552 Tigris,

148 2590 203 2632 tou
216 2587 356 2653 poterat.
391 2569 497 2647 Exsul
510 2567 640 2628 hicnon
683 2573 736 2651 qui
763 2566 945 2627 Parthorum
980 2568 1055 2630 fines
1092 2572 1177 2645 facit,

148 2677 331 2757 ugendum3
354 2669 449 2751 fimpl.
466 2671 548 2751 apud
563 2692 640 2750 poe·
681 2669 866 2732 Parthorum
910 2669 1022 2730 fluuius
1071 2675 1178 2755 appel-

149 2791 197 2849 ωε,
236 2783 292 2859 qui
323 2774 364 2833 ad
394 2774 508 2833 alienas
545 2788 640 2831 terras
681 2773 770 2831 latur.

148 2879 348 2956 proficiscitur.
394 2879 443 2938 63.
464 2875 537 2934 Aut
551 2874 640 2933 Ara·
725 2877 775 2936 65.
797 2874 920 2932 Ibimus
934 2873 1051 2952 Afros,
1073 2876 1179 2937 elisum

150 2984 201 3037 rim
228 2980 379 3038 Parthus
419 2978 516 3036 bibet.
578 2978 640 3036 Re·
681 2977 736 3041 in,·
767 2977 852 3055 quod
874 2980 908 3034 in
932 2979 1021 3053 epico
1044 2982 1179 3038 carmine

149 3082 378 3160 prehenduntur
402 3078 496 3153 haec,
528 3095 559 3139 et
575 3101 639 3139 me·
682 3078 789 3135 melius
799 3075 894 3146 fieret,
905 3077 1071 3135 Homerico
1081 3097 1177 3138 more.

149 3187 209 3251 rito,
226 3199 389 3264 tamquam
402 3183 499 3241 aliena
512 3205 529 3241 a
540 3180 639 3264 pasto·
682 3179 744 3236 alii
764 3193 794 3236 et
809 3197 901 3258 pars,
924 3198 982 3257 pro
1005 3175 1055 3236 alii
1071 3179 1178 3243 etalii.

149 3306 208 3344 rum
226 3289 393 3357 memoria,
419 3288 564 3356 nomina,
592 3289 640 3343 ni·
681 3303 709 3340 v.
732 3279 833 3338 Burm.
851 3296 883 3340 et
904 3281 963 3340 aiii.
1019 3282 1177 3364 Musgrau.

149 3392 257 3468 nisque
288 3389 385 3469 longe
412 3391 518 3465 petita.
578 3385 639 3443 Sed
682 3383 722 3441 od
737 3384 840 3461 Eurip.
856 3380 967 3440 Bacch.
983 3390 1045 3462 407
1067 3400 1178 3446 et-ec

149 3487 259 3548 recellit
285 3490 431 3571 Virgilius
452 3487 491 3548 ab
514 3490 640 3568 antiqua
684 3481 742 3544 effe
757 3504 815 3563 pro
831 3498 980 3542 aut-aut
1000 3489 1177 3549 contendit:

150 3590 383 3673 simplicitatem
397 3589 544 3663 moribus,
563 3610 640 3670 quos
682 3587 767 3668 quod
787 3586 858 3645 sane
878 3583 913 3643 fit
933 3587 1104 3657 interdum;
1124 3586 1179 3651 etfi

150 3693 310 3774 pastoribus
328 3694 385 3754 suia
400 3692 513 3752 tribuit.
542 3694 640 3752 Porro
671 3691 758 3750 hen.
792 3688 867 3760 vti,
895 3689 957 3764 675
1013 3690 1179 3750 Homolen

94 3778 96 3834 ¹
155 3795 330 3855 Germania
373 3811 405 3854 et
447 3793 541 3853 Arar
585 3790 641 3851 fibi
686 3792 876 3871 Othrynque
910 3789 1056 3847 niualem
1100 3791 1178 3848 Lin-

155 3899 328 3980 respondere
373 3895 547 3973 debebant3
590 3893 640 3953 hic
683 3906 818 3974 quentes
852 3891 912 3950 huc
940 3912 1007 3952 non
1038 3892 1177 3954 reseram.

94 4050 96 4059 .
158 4020 217 4061 vero
233 4003 352 4062 Galliae
367 3997 479 4058 fluuius
500 3995 557 4071 est,
586 4001 640 4079 qui
682 3996 723 4054 At
738 3991 767 4056 h.
781 3994 800 4052 1.
817 3991 874 4053 est:
891 4009 923 4052 et
935 4013 1006 4072 pars
1020 3997 1178 4052 veniemus

163 4102 392 4165 inRhodanum
425 4100 455 4160 ie
493 4103 638 4159 immittit.
683 4099 723 4158 ad
739 4098 856 4156 Oaxem
874 4111 907 4155 et
920 4115 990 4174 pars
1007 4095 1046 4153 ad
1061 4095 1180 4153 Britan-

163 4199 323 4266 Deiendunt
354 4218 484 4288 poetam
512 4199 570 4271 fic,
606 4215 641 4264 vt
681 4221 748 4262 nos.
806 4202 856 4265 66.
885 4194 1040 4278 rapidum
1061 4196 1191 4315 creta!

202 4307 287 4369 Torr.
303 4309 328 4368 1.
737 4299 762 4362 F
1063 4306 1065 4313 ’
