2692 4914
247 317 324 406 352
454 327 497 400 Ρ.
518 325 768 421 vmcmu
797 275 1093 395 Miuours'

252 510 392 583 Omnia
422 530 619 587 ventorum
649 532 874 585 concurrere
893 502 1049 604 'proelia
1073 501 1168 576 vidi:

252 644 364 739 Quae
387 647 579 744 grauidam
608 645 682 718 late
709 641 867 741 segetem
893 637 939 709 ab
965 635 1151 708 radicibus
1176 640 1260 710 imis

253 773 422 853 Sublime
437 777 623 880 expulsam
638 793 811 852 eruerent
819 803 829 868 3
844 778 900 845 Ita
913 749 1060 843 turbiue
1074 772 1185 866 nigro
1211 771 1283 843 320

331 975 383 1029 318
408 996 574 1030 concurrere
598 994 690 1029 omnes
715 972 823 1028 Heinfii.
873 970 1040 1048 consurgere
1063 967 1144 1020 Rom.
1171 982 1199 1020 et
1223 986 1284 1019 mur

253 1055 345 1110 Mend.
368 1063 441 1133 quod
458 1078 484 1115 et
501 1061 584 1132 ipsum
600 1078 669 1115 recte
689 1059 799 1120 dicitur;
826 1057 963 1109 etruriam
981 1053 1057 1106 verba
1076 1066 1103 1104 et
1124 1049 1205 1104 elibiz
1235 1052 1284 1104 vid.

253 1137 283 1192 h·
299 1139 317 1193 l.
331 1145 438 1214 Burm.;
468 1145 511 1197 sed
531 1145 591 1216 legit
606 1147 633 1203 in
650 1142 736 1196 uestro
757 1160 923 1195 concurrere
936 1139 1034 1191 Plinius
1048 1137 1148 1197 XVIII,
1164 1134 1284 1204 35.s.78.

254 1223 308 1293 3¹9
327 1245 345 1277 a
366 1248 386 1279 r.
408 1228 510 1281 zulich.
532 1246 557 1282 et
576 1227 690 1281 Parthas.
789 1229 839 1280 320
859 1226 1008 1277 Sublimem
1025 1221 1125 1274 Medic.
1147 1235 1175 1272 et
1192 1220 1287 1291 Repe

254 1321 292 1362 m·
306 1328 344 1379 pr.
361 1329 421 1365 cum
438 1314 577 1373 Romano,
606 1313 678 1384 quod
693 1311 779 1382 urique
794 1309 948 1370 [onmium
972 1305 1015 1359 sed
1035 1321 1061 1361 et
1082 1303 1197 1358 alterum
1219 1305 1286 1362 esum

255 1389 344 1447 hebet.
369 1395 421 1449 vid.
436 1397 609 1465 Oudendorp.
630 1398 663 1448 ed
682 1395 731 1448 lul.
747 1395 860 1467 Obl'equ.
874 1412 931 1465 cap.
950 1409 1005 1451 101.
1026 1408 1104 1461 quem
1119 1391 1285 1442 Burmanuue

256 1473 356 1534 lfludflt.
385 1490 507 1537 emerim
516 1483 612 1538 Mutet.
628 1480 676 1534 sec.
693 1497 758 1531 nm.
773 1498 813 1552 pr.
842 1492 951 1534 ruerem
967 1475 1086 1529 Reiekiuc
1101 1474 1269 1533 conficiebat.

257 1625 306 1688 Ita
326 1649 355 1693 v.
376 1653 402 1693 c.
429 1630 482 1694 lib.
509 1632 555 1705 11,
584 1633 648 1702 368
682 1633 750 1694 coll.
792 1628 881 1691 succo
911 1627 1038 1714 plenum
1068 1645 1105 1684 ec
1135 1626 1288 1687 tumidum

258 1734 402 1797 cum565
417 1733 619 1814 tumflringe
633 1754 751 1795 comas.
793 1728 884 1802 effet,
932 1743 965 1787 vt
995 1725 1177 1805 grauidam
1209 1729 1287 1788 νόον

258 1831 368 1893 Solent
403 1850 505 1896 eutem
544 1853 658 1916 poetae
701 1836 750 1906 id,
794 1829 990 1911 Georg.111,
1013 1831 1084 1905 317.
1120 1830 1287 1906 grauidae

258 1934 346 2012 quod
361 1940 476 2018 egitur,
509 1943 637 1998 averiis
658 1942 752 1998 ectio·
784 1933 905 2013 fruges
935 1929 984 2002 11,
1017 1931 1084 2006 145.
1121 1931 1287 2006 grauidae

257 2037 307 2093 nis
364 2038 529 2098 momentis
584 2037 751 2119 defignare.
793 2032 903 2112 meffes
929 2031 1023 2092 Ouid.
1051 2031 1181 2092 Metam.
1205 2033 1285 2103 vm,

257 2130 367 2216 Iraque
383 2158 431 2206 ee,
453 2157 547 2217 quem
559 2136 751 2198 Burmannus
793 2137 866 2214 781.
906 2131 987 2193 conf.
1008 2131 1048 2190 de
1069 2128 1126 2191 hac
1147 2154 1228 2196 voce
1250 2135 1286 2194 ed

258 2247 291 2295 ct
312 2237 463 2296 Martinus
488 2254 632 2310 mouent,
672 2234 751 2296 diffi·
792 2239 870 2297 Aen.
915 2234 977 2305 IV,
1022 2252 1093 2310 ²29·
1143 2235 1193 2306 X,
1236 2238 1284 2315 87.

258 2334 370 2411 culter,
399 2338 473 2398 dum
493 2340 665 2419 preligare
688 2339 751 2397 dic·
792 2341 865 2401 320.
886 2335 981 2396 Venti
1001 2331 1137 2414 segetem
1156 2353 1285 2408 eruunt,

258 2448 325 2494 tum
346 2433 406 2498 ess'e
427 2454 569 2519 putetur,
606 2439 749 2498 concidit.
793 2443 878 2499 etin
901 2455 1003 2496 cerem
1025 2434 1203 2514 expellunt,
1239 2458 1286 2497 ex·

257 2533 316 2594 Vir
334 2538 443 2601 doctus
456 2540 632 2619 stringere,
654 2546 751 2620 pecti·
793 2540 922 2608 tollunt3
948 2536 1008 2597 hoc
1029 2541 1168 2596 ornatius
1188 2535 1283 2610 effert,

257 2636 349 2699 nibus
364 2641 540 2722 decerpere,
567 2648 750 2723 interprete-
783 2640 928 2718 sublime
958 2638 1128 2718 expralsam
1155 2655 1285 2711 ericum,

257 2735 366 2802 betur:
393 2742 437 2804 eii
458 2745 491 2803 id
512 2749 594 2804 inter
613 2743 751 2803 metendi
793 2747 863 2824 quie
874 2739 1063 2818 sublimem,
1084 2741 1121 2798 in
1128 2740 1285 2816 sublime,

256 2859 372 2919 genere
386 2866 434 2927 ep.
444 2847 749 2918 Colurn.11,21,2.3.
792 2863 848 2922 pro
884 2839 1050 2911 eduerbio,
1100 2839 1285 2914 sublimiter,

256 2941 751 3018 Dehiscf.varr.1,5o.1)ick-
792 2944 902 3005 ferunt.
952 2942 1104 3020 Reliqua:
1143 2944 1194 3003 ica
1222 2959 1288 3002 cur·

161 3099 163 3107 .
256 3041 314 3104 sou
328 3048 387 3108 To.
400 3049 440 3121 11,
460 3071 492 3131 p.
505 3052 568 3113 368
587 3047 752 3124 stringen·
793 3045 868 3103 dine
882 3045 977 3120 nigro
992 3058 1049 3101 etc.
1074 3038 1287 3107 difficultatem

255 3146 325 3205 'tem
351 3146 468 3209 hordea
497 3150 639 3230 intelligit
668 3169 749 3219 eum,
793 3145 906 3206 habent
934 3164 971 3203 ex
996 3140 1161 3217 structura,
1196 3169 1288 3230 quam

257 3249 313 3324 qui
325 3249 529 3328 apprehendit
542 3251 675 3310 culmum
687 3270 751 3311 mu·
793 3251 845 3330 qui
866 3244 1169 3318 animaduerterunt,
1206 3253 1288 3310 varie

256 3362 313 3416 nu,
334 3363 367 3405 vt
386 3350 464 3410 falce
486 3351 608 3411 admota
627 3350 751 3413 resecet.
791 3348 914 3408 tollunt.
957 3347 1110 3405 Martinus
1129 3367 1288 3431 compare.

255 3443 331 3506 318.
346 3461 519 3509 ventorum
531 3453 661 3531 praelia
674 3473 751 3510 corr-
792 3454 910 3510 tionem
943 3445 1048 3507 subiici
1077 3462 1183 3526 putat,
1227 3472 1288 3535 que

256 3565 391 3607 currere
412 3552 533 3630 plenius
560 3571 651 3632 quarn
677 3572 751 3611 ven·
792 3545 974 3628 tempestatis
997 3544 1123 3609 meffem
1145 3570 1289 3614 euerten-

181 3726 184 3733 .
256 3661 306 3707 tos
329 3671 528 3719 concurrere:
559 3666 592 3712 vt
614 3655 691 3715 ecies
712 3653 751 3713 ad
793 3657 829 3714 tis
856 3655 899 3710 vis
930 3650 1118 3722 declaretur,
1156 3672 1227 3712 cum
1251 3676 1288 3717 eu

255 3771 394 3832 pugnem
408 3753 588 3813 faciendam.
612 3756 685 3832 519.
695 3753 751 3829 se-
792 3750 908 3812 euulses
933 3751 1075 3813 radicitus
1100 3750 1195 3832 spicas
1217 3778 1287 3817 cum

255 3873 314 3930 ges
325 3851 471 3931 grauida
482 3858 607 3934 proprie
621 3876 750 3933 euagre
792 3852 884 3914 cristis
906 3866 938 3912 et
958 3852 1111 3914 radicibus
1130 3858 1174 3915 ita
1196 3857 1288 3921 subli-

255 3954 410 4033 grauido.
453 3956 513 4016 Sed
530 3971 642 4035 poetae
656 3978 749 4019 omne
792 3976 856 4019 mes
887 3955 982 4026 ierat,
1023 3956 1288 4034 quemadmodum

257 4059 291 4119 id
312 4055 491 4137 grauidam
516 4055 619 4118 dixiffe
644 4059 751 4121 viden·
792 4057 863 4118 elius
886 4069 996 4115 ventus
1015 4053 1096 4118 ferre
1112 4055 1188 4118 solet
1203 4061 1288 4122 leuet

259 4174 325 4234 tur,
347 4165 423 4223 item
438 4157 637 4242 secuudum,
665 4162 750 4246 quod
790 4144 930 4243 stipular}
964 4158 1033 4226 ira,
1054 4171 1118 4219 tam
1132 4161 1212 4224 sacili
1231 4185 1287 4225 ue·
