2700 4906
275 338 522 414 emotus
551 339 860 419 comnotus
1012 303 1104 424 ’ω

52 543 167 635 licuit,
204 559 278 615 aut
299 537 421 614 verbo
443 563 524 615 rem
542 544 692 631 monui,
734 526 868 616 autad
887 549 985 622 viros
1010 549 1101 628 doc-

53 697 103 751 tos
124 677 327 752 lectorem
345 670 486 766 remisi,
518 679 584 775 qui
607 671 857 774 copiosiorem
881 676 1100 781 disputatio.

54 837 134 888 nem
160 808 410 885 desideraret.

121 950 211 1020 Nec
237 963 369 1017 tamen
390 959 511 1016 totum
533 965 656 1017 meam
684 943 988 1045 qualemcunque
1010 973 1100 1050 ope-

55 1104 128 1152 tam
154 1079 218 1152 his
254 1075 393 1150 finibus
427 1074 672 1153 circumscribi
703 1076 824 1177 pallus
854 1077 942 1153 sum.
1002 1082 1101 1159 Cum

55 1211 229 1312 Virgilius
251 1215 284 1284 is
300 1208 362 1301 fit,
395 1214 436 1281 in
456 1233 533 1310 quo
549 1208 711 1310 legendo
727 1237 862 1312 magna
875 1217 1100 1293 iuuenilium

58 1345 267 1423 studiorum
286 1369 372 1444 pars
398 1341 564 1418 consumi
587 1340 717 1434 soleat,
760 1370 808 1419 eo
833 1346 987 1448 quidem
1008 1377 1100 1426 con-

59 1479 149 1575 filio,
204 1478 417 1552 dummodo
442 1475 550 1551 multi
577 1475 618 1548 id
647 1475 714 1550 fibi
733 1477 965 1580 propositum
984 1484 1099 1562 habe⁴

61 1636 155 1706 rent,
195 1632 237 1688 rt
264 1612 314 1685 ed
342 1610 623 1688 adolescentum
643 1617 792 1710 ingenia
813 1615 1009 1713 poliendo,
1049 1621 1100 1696 ad

61 1748 195 1824 sensum
220 1766 263 1821 et
282 1745 428 1848 gustum
441 1743 702 1848 pulcritudinis
718 1747 948 1838 acuendum,
973 1751 1023 1823 ad
1044 1760 1101 1826 iu-

62 1885 195 1960 dicium
222 1881 275 1958 de
298 1880 552 1971 omnibusne,
589 1903 688 1980 quae
712 1877 760 1951 ab
783 1898 862 1952 arte
886 1901 925 1953 et
947 1888 1101 1984 ingenio

64 2018 251 2093 elaborata
280 2035 321 2090 et
348 2011 513 2115 exprella
542 2011 739 2089 oculorum
768 2017 958 2115 animique
983 2016 1066 2092 lens
1088 2024 1101 2040 '

64 2151 184 2228 subiici
199 2147 374 2253 possunt,
400 2145 678 2222 informandum
701 2147 823 2222 valere
848 2148 912 2221 illa
928 2150 1043 2227 lectio
1060 2173 1101 2229 et

64 2293 129 2361 tim
148 2287 296 2360 habere
312 2281 505 2374 debeat‚·)
521 2256 607 2357 ¹feci
623 2280 681 2372 id,
709 2281 813 2382 quod
825 2286 866 2355 in
883 2284 958 2358 alio
972 2307 1100 2387 poeta,

66 2426 123 2521 qui
144 2445 228 2494 uon
257 2423 312 2491 ita
342 2419 512 2490 omnium
538 2415 709 2490 manibus
739 2421 887 2508 teritur,
932 2438 1101 2498 autnon

67 2554 123 2629 uisi
145 2581 169 2628 a
196 2551 480 2628 callentioribus
502 2568 541 2625 et
570 2548 800 2624 doctioribus
829 2550 980 2650 legitur,
1021 2581 1102 2631 non

66 2692 148 2764 mihi
170 2687 392 2763 faciendum
414 2681 487 2760 elle
508 2704 697 2784 putarem,
744 2697 885 2769 vtn'on
912 2686 1028 2760 modo
1053 2688 1103 2760 ad

68 2850 122 2914 ea,
161 2847 264 2924 quae
293 2818 459 2894 difficilia
488 2817 536 2891 ad
569 2818 853 2918 intelligendum
882 2838 920 2892 et
948 2819 1104 2894 obscura

66 2955 159 3050 sunt,
192 2980 325 3030 verum
347 2954 397 3027 ad
417 2953 481 3026 illa
505 2957 617 3028 etiam
637 2953 842 3052 legentium
872 2957 1016 3026 animos
1038 2952 1103 3025 ad-

102 3163 133 3242 ἴ)
156 3159 291 3242 Quintil.
308 3158 335 3236 l,
353 3158 425 3237 8,4.
446 3157 564 3218 Cetera
605 3159 786 3233 inciperet:
827 3175 1029 3238 quamquam
1057 3155 1106 3216 ad

66 3263 295 3323 admonitione
310 3279 435 3338 magna
455 3275 563 3340 egent,
606 3254 839 3336 intelligendas
863 3276 977 3316 eorum
999 3260 1105 3317 virtu-

66 3367 234 3447 inprimis,
259 3379 298 3422 vt
319 3378 455 3421 tenerae
477 3383 565 3421 men·
608 3376 657 3421 tes
679 3362 834 3440 firmiore
865 3358 990 3419 iudicio
1020 3380 1104 3441 opus

69 3482 129 3536 tes,
179 3481 418 3548 tracturaeque
453 3466 567 3532 altius,
609 3461 695 3543 effer.
725 3460 792 3521 Sed
802 3463 880 3520 ltuic
893 3464 943 3520 rei
952 3459 1105 3540 superest

70 3565 227 3652 quicquid
259 3565 398 3626 rudibus
433 3581 466 3625 et
500 3586 567 3625 om-
608 3577 755 3643 tempus:
803 3583 910 3644 neque
935 3563 1024 3621 enirn
1046 3563 1105 3640 se·

71 3673 156 3730 aium
168 3673 298 3749 ignaris
315 3666 484 3746 insederit,
498 3689 567 3727 non
607 3666 674 3723 mel
704 3665 853 3741 legentur
861 3685 873 3729 ‚·
915 3664 1106 3726 interimet

73 3771 164 3832 modo
179 3794 268 3856 qrtae
280 3770 420 3851 diserta,
433 3769 570 3848 sedvel
597 3766 806 3844 sublimitate
835 3763 962 3822 heroici
989 3769 1106 3826 carmi·

77 3879 175 3954 uagis
203 3896 291 3960 quae
317 3869 454 3947 honesta
470 3872 565 3948 sunt,
608 3870 660 3926 nis
674 3870 804 3926 animus
817 3865 984 3946 affurgat,
1011 3884 1046 3927 et
1062 3890 1105 3928 ex

78 3975 205 4054 discant.
261 3975 415 4058 Ideoque
447 3975 569 4055 optime
611 3967 839 4048 magnitudine
866 3987 978 4025 rernm
1002 3970 1107 4050 spiri⁴

81 4079 247 4153 institutum
277 4077 345 4158 est,
384 4090 423 4133 ut
446 4075 489 4134 ab
504 4077 569 4136 Ho-
613 4087 683 4132 tum
698 4070 819 4143 ducat,
840 4083 873 4131 et
889 4072 1022 4154 optimis
1046 4073 1108 4130 irn-

84 4197 154 4242 ωηο
180 4200 287 4268 atque
309 4176 447 4260 Virgilio
474 4177 570 4240 tectio
615 4175 745 4238 buntur.

123 4298 221 4376 Tou.
243 4303 265 4373 I
693 4318 716 4368 ο
