2692 4914
143 316 193 413 78
349 306 392 378 Ρ.
414 303 662 382 vmomn
690 303 947 380 MARONIS

151 495 323 576 Necdum
342 493 413 566 illis
433 490 537 564 labra
561 489 732 582 admoui,
773 493 835 567 led
861 488 1016 566 condita
1038 487 1159 564 seruo.
1211 472 1217 482 ’

152 662 189 706 o.
203 638 249 705 Et
272 628 379 702 nobis
402 625 502 699 idem
525 623 748 701 Alcimedon
774 627 851 699 duo
872 624 1011 725 pocula
1034 622 1137 715 lecit,

154 772 203 843 Et
223 764 328 839 molli
348 766 489 837 circum
509 755 560 868 est
581 757 683 844 ansas
708 759 900 862 amplexus
923 757 1102 848 acanth03
1139 757 1192 842 45¹

225 960 259 1027 43
277 955 414 1012 Nondum
432 951 515 1007 Goth.
535 970 575 1023 pr.
594 953 640 1005 bic
656 960 736 1024 ot47.

160 1118 327 1180 memoriae
371 1112 496 1175 tradidit
538 1131 651 1191 nemo;
691 1117 795 1175 nomia
808 1111 962 1185 tribuitur,
980 1133 1050 1171 cum
1065 1128 1096 1172 et
1112 1110 1191 1196 figu-

162 1220 249 1305 quod
268 1230 375 1286 contra
399 1222 432 1276 in
453 1217 581 1276 Aratum
601 1236 652 1288 ca·
692 1221 732 1277 ris
752 1233 786 1277 et
800 1219 935 1276 numeris
950 1235 1028 1295 opus
1045 1213 1193 1276 habeant.

163 1323 224 1393 dit,
249 1321 302 1401 qui
325 1315 538 1378 astronomicas
560 1319 654 1377 ratio·
695 1319 841 1380 Ceterum
876 1321 1004 1376 certauit
1039 1337 1111 1376 cum
1146 1317 1193 1377 his

160 1444 217 1486 nes
253 1421 291 1479 ad
330 1419 412 1479 vsum
452 1418 653 1502 agricolarum
694 1422 809 1500 Popius
839 1417 999 1497 Pastoral.
1030 1417 1191 1501 1,55rq.,

162 1521 333 1594 transtulit,
373 1524 519 1602 cuiusque
552 1518 654 1598 plrae-
695 1526 750 1606 qui
780 1526 873 1582 etiam
900 1524 1000 1580 minus
1033 1518 1196 1581 ambitiose

165 1643 308 1684 nomena
356 1636 389 1680 et
434 1618 654 1703 prognostica,
700 1624 852 1684 nonnulla
862 1619 964 1683 dixille
975 1621 1072 1681 videri
1082 1620 1197 1702 potest.

165 1741 296 1810 propter
308 1723 468 1783 vtilitatem
483 1726 579 1805 magis
596 1723 659 1783 lor·
698 1726 780 1785 Atv.
797 1733 839 1803 42
869 1724 994 1785 allusum
1011 1721 1071 1783 ess'e
1096 1727 1198 1786 videri

166 1846 210 1903 te,
234 1846 328 1911 quam
342 1841 473 1907 propter
485 1841 597 1907 poetae
612 1832 659 1886 in·
698 1823 799 1908 potest
814 1826 853 1885 ad
867 1824 1054 1887 llefiodeum
1066 1827 1116 1893 Ε..
1133 1829 1200 1906 584

168 1923 310 2016 genium,
354 1926 551 1989 celeberrima
579 1935 660 1992 inter
699 1920 858 2010 naariam
871 1920 1202 2005 -ἐπιτελλομενᾶων,

167 2049 286 2094 veteres
300 2031 403 2101 mere,
425 2044 466 2102 et,
487 2051 557 2090 cum
571 2031 660 2095 fallo·
692 2019 854 2112 ''Apxsot'
872 2027 1004 2114 ἀμητοῦ,
1025 2023 1141 2113 ἀρότοιο
1155 2032 1204 2111 tt„

77 2163 80 2177 ·
168 2155 236 2195 rum
264 2147 295 2192 et
317 2130 574 2192 Kalendariorum
595 2134 660 2196 vsus
702 2124 914 2209 δυσσομενᾶων.
968 2135 1020 2219 43.
1049 2133 1200 2196 conuersa

169 2255 236 2314 non
249 2247 352 2293 tantur
369 2252 427 2292 nec
442 2248 503 2292 tam
517 2236 661 2318 frequens
703 2230 879 2294 exTheocr.
894 2233 964 2296 eod.
979 2234 1000 2295 l.
1013 2255 1044 2295 v.
1058 2238 1113 2317 59·
1122 2241 1175 2302 60.

169 2334 254 2409 effer,
274 2330 424 2422 vtilillima
439 2330 498 2394 ess'e
514 2336 659 2399 debuere.

169 2441 261 2500 Forte
282 2452 388 2496 tamen
416 2434 531 2496 radius
552 2441 660 2501 melius
754 2442 806 2515 44.
825 2433 945 2494 Inuidia
972 2454 1106 2516 punctus
1147 2438 1201 2502 hie

98 2521 100 2528 ,
169 2539 312 2602 tribuitur
334 2538 492 2613 Eudoxo,
544 2545 660 2622 quippe
703 2535 765 2596 duo
784 2537 896 2617 poc'ula
910 2558 968 2618 pro
983 2560 1046 2600 vno
1062 2562 1208 2604 comme--

169 2639 353 2701 astronomo.
387 2640 547 2701 Laudabat
555 2643 661 2704 Schra-
703 2653 820 2711 morat,
845 2659 950 2699 verum
964 2640 1075 2715 ambo,
1096 2660 1131 2704 vt
1143 2666 1199 2727 ap·

172 2743 237 2803 der.v
270 2742 373 2802 locum
415 2746 527 2803 Auiani
559 2746 663 2806 Arati
702 2754 802 2821 paret,
820 2740 930 2800 eodem
944 2744 1088 2824 exemplo
1105 2746 1197 2809 facta.

170 2845 349 2906 Plraenom.
363 2866 411 2926 pr.
429 2845 481 2905 vbi
495 2850 520 2906 is
541 2847 604 2907 lata
626 2849 662 2908 il·
704 2843 764 2903 Pro
787 2846 848 2902 vite
883 2839 1015 2903 hederae
1047 2848 1199 2928 implicita

171 2947 225 3006 lud
238 2947 383 3007 Arateum
397 2945 552 3028 exposuit3
572 2951 661 3010 Grot.
702 2964 787 3005 nunc
802 2944 898 3004 ambit
913 2966 968 3004 ora
983 2946 1148 3020 acanthum
1162 2956 1198 3015 iu

172 3052 310 3111 Arateor.
325 3070 356 3129 p.
373 3051 414 3128 84
442 3052 507 3109 Hic
521 3051 659 3133 (Iupiter)
702 3047 804 3106 media
826 3046 931 3127 poculi
959 3067 1031 3107 area
1052 3049 1200 3132 Orpheus

169 3154 296 3229 primus
318 3150 428 3210 Cnidii
449 3151 581 3212 radium
602 3152 663 3213 du-
703 3164 827 3208 cantaus
847 3146 974 3209 effictus.
1017 3147 1069 3211 Est
1091 3170 1206 3216 autem.

172 3255 217 3308 cis
230 3251 342 3311 intulit
359 3251 454 3328 aslris
472 3257 662 3316 Mortalem·
701 3250 876 3309 Acanthus
890 3251 973 3331 apud
985 3251 1149 3336 Virgilium
1164 3271 1199 3318 et

173 3369 236 3432 que
266 3351 356 3434 loqui
384 3355 496 3416 docuit
513 3378 662 3418 connexa
701 3354 826 3433 plantae
839 3357 1054 3438 Aegyptiacae,
1074 3377 1113 3416 ex
1127 3377 1198 3420 aca-

174 3450 319 3512 deorum.
353 3455 479 3516 Radius
493 3465 575 3519 enim
588 3482 662 3541 pro-
703 3459 817 3515 ciarum
832 3478 955 3538 genere,
977 3479 1005 3515 v.
1021 3457 1139 3542 Georg.
1153 3461 1197 3535 Π,

170 3556 239 3633 prie
263 3573 485 3637 geometrarum
507 3565 591 3643 virga
608 3559 660 3637 est,
707 3578 775 3638 ¹19·
818 3558 923 3641 ibique
938 3561 1046 3633 Maru,
1076 3576 1110 3619 et
1124 3561 1196 3623 her·

174 3675 236 3735 qua
264 3660 296 3717 in
316 3661 445 3738 puluere
475 3662 587 3723 formas
608 3666 662 3726 de·
703 3660 760 3721 bae
775 3659 910 3721 filuestria
933 3659 1145 3746 hortensisque
1161 3688 1198 3728 ac

170 3754 342 3828 lineabant;
380 3781 439 3823 nec
461 3767 494 3824 in
509 3766 599 3826 aliam
614 3789 662 3829 ra·
702 3768 849 3845 topiariae
866 3784 980 3847 genus,
1017 3764 1068 3826 bic
1082 3783 1114 3827 et
1128 3770 1196 3832 Ecl.

170 3858 289 3916 tionem
319 3863 549 3947 intelligendum
579 3870 661 3931 vide·
702 3867 756 3939 IV,
781 3889 830 3927 20.
869 3869 983 3949 Georg.
1004 3868 1059 3941 IV,
1088 3874 1147 3935 ηδ
1164 3889 1197 3935 et

170 3970 238 4030 ¹¹11»
269 3963 393 4042 quando
410 3967 544 4060 Vraniae
560 3969 661 4054 signis,
706 3974 781 4050 137,
809 3970 861 4030 vbi
878 3992 903 4031 v.
919 3972 1011 4030 Mart.
1029 3971 1099 4032 add.
1113 3976 1194 4038 Aen.

171 4075 240 4133 aut,
285 4066 328 4120 vti
359 4064 485 4128 solleu'ni
515 4094 601 4133 more
626 4073 659 4133 lit
699 4074 723 4147 1,
734 4076 888 4154 649711.
911 4094 938 4133 v.
950 4074 1101 4158 Bottigeri
1119 4078 1194 4140 doc·

169 4163 226 4235 (Cf-
248 4164 325 4224 3⁸1¹·
349 4165 404 4239 Vl,
425 4171 526 4252 851),
565 4171 658 4238 astro·
698 4190 762 4237 tam
789 4193 896 4239 notam
925 4177 964 4239 ad
992 4173 1072 4241 Vasa
1108 4186 1193 4264 picta
