2692 4914
144 361 218 439 404
454 345 752 425 EXCVRSVS
782 348 849 421 11*

146 543 196 599 vix
215 534 388 620 assequarit‚
421 533 581 617 quomodo
601 549 696 615 poete
717 549 779 595 trun
797 551 906 598 acutne
925 539 1065 620 iungere
1085 557 1121 597 et
1143 539 1180 594 ia·

147 660 197 706 ter
223 643 250 704 se
279 647 424 724 potuerit.
486 640 536 701 De
567 637 785 722 posterioribus
812 640 892 702 nihil
927 644 995 702 vidi
1027 648 1182 708 munitum

150 745 247 812 haefit
270 750 436 830 disputatio
462 761 581 807 tantum
601 749 634 805 iu
658 747 829 828 prioribus,
860 744 954 808 Nam
991 768 1104 832 neque
1125 760 1184 807 tun

140 853 247 936 stellis
271 858 361 914 acies
396 852 513 930 obtusa
535 850 690 912 videtur:
728 852 814 936 qnod
833 849 938 933 potest
967 852 1059 916 bene
1078 858 1120 914 ite
1143 873 1183 913 tu

148 967 228 1043 cipi:
267 967 362 1022 aciem
388 957 539 1020 stellarum
567 977 651 1017 nunc
674 977 740 1018 non
766 957 898 1038 amplius
921 960 1027 1020 videri
1052 957 1114 1022 effe
1138 958 1184 1019 ob

151 1069 264 1136 tuiamt
300 1067 441 1148 adeoque
470 1085 537 1125 eam
565 1059 626 1123 effe
654 1065 784 1134 claram,
828 1077 859 1123 et
880 1059 987 1125 stellae
1011 1065 1185 1131 enitescere:

149 1174 184 1234 id
204 1173 289 1256 quod
310 1171 343 1231 fit
369 1164 505 1249 dispulsus
530 1167 663 1229 nubibus
694 1185 725 1229 et
751 1167 826 1228 caeli
858 1166 1033 1231 serenitate
1059 1172 1184 1233 ndum

149 1281 191 1340 At
217 1283 299 1337 enim
326 1276 403 1334 alter
428 1273 544 1333 versut:
584 1295 644 1333 nec
662 1275 788 1353 fratris
810 1270 919 1333 radiis
945 1274 1102 1337 obnoxia
1117 1276 1183 1354 sua

148 1403 229 1462 gera
256 1384 370 1448 Luna,
407 1380 494 1439 nullo
522 1382 619 1442 modo
652 1402 710 1441 nec
737 1384 955 1463 grammatice,
1002 1403 1069 1444 nec
1098 1381 1183 1443 senius

149 1493 281 1571 paritate
310 1489 464 1546 conuenit.
515 1487 648 1567 Antiqua
668 1490 806 1545 iunctura
828 1485 943 1546 tradita
964 1484 1014 1548 est
1036 1509 1056 1549 a
1076 1490 1182 1558 Seruio,

150 1610 183 1655 vt
202 1608 357 1674 repetatur
375 1591 499 1668 obtusa.
538 1590 585 1651 Ita
606 1595 680 1651 erit:
713 1611 775 1648 aee
794 1591 907 1664 huna,
936 1594 1075 1673 sraerr's
1092 1593 1182 1654 rediit

152 1700 315 1771 obnoxia,
353 1718 432 1780 quae
452 1697 551 1756 lucem
572 1711 727 1755 mutuatur
745 1717 762 1755 a
784 1695 863 1769 sote,
892 1697 1040 1759 videtur
1052 1701 1182 1780 surgere

152 1806 290 1883 obtusa:
321 1820 429 1866 contra
447 1823 521 1864 vero
540 1803 662 1862 videtur
682 1805 755 1861 oriri
775 1803 862 1865 clara.
895 1803 1011 1865 Recte.
1050 1810 1092 1869 At
1111 1811 1181 1867 enin

150 1918 252 1997 primo
277 1909 411 1970 videtur
435 1911 496 1971 alio
520 1908 616 1969 modo
639 1927 722 1968 nuuc
742 1914 889 1988 accipitur
910 1931 1011 1991 quam
1034 1912 1176 1994 superiore

152 2018 255 2087 versu,
292 2017 343 2075 vbi
366 2031 430 2075 erat
455 2036 514 2095 pro
541 2017 704 2082 cernitur,
730 2034 814 2075 nunc
834 2027 941 2074 autem
966 2014 1013 2077 est
1033 2020 1127 2092 ioasi,
1152 2034 1179 2078 et

152 2123 213 2184 alio
232 2122 327 2183 modo
345 2118 544 2189 construitur,
579 2142 648 2180 cum
668 2125 700 2179 iu
722 2119 827 2188 finitut
872 2121 905 2177 st
932 2135 1045 2184 tamen
1073 2122 1177 2185 millum

151 2229 184 2288 id
205 2229 306 2294 iacias,
331 2231 524 2307 grammatice
545 2247 611 2286 non
633 2223 731 2307 potest
751 2223 867 2302 obtusa
889 2233 992 2306 repeti
1022 2227 1063 2292 fic
1089 2231 1176 2297 nudet

153 2329 369 2393 antecefferat:
410 2351 516 2412 neque
542 2330 677 2389 videtur
697 2334 785 2390 acies
795 2329 902 2407 stellis
921 2333 1064 2411 obtusa,
1097 2337 1175 2397 debet

153 2441 231 2500 adeo
260 2437 358 2520 sequi:
401 2456 508 2517 neque
532 2436 666 2496 videtur
686 2440 774 2498 acies
801 2436 916 2513 obtusa
942 2441 1081 2511 Lunae,
1117 2440 1173 2501 cusu

153 2552 261 2626 terti03
307 2543 345 2626 τῆ
377 2534 515 2626 Σελήνῃ
570 2561 637 2604 nou
667 2560 786 2606 autem:
831 2563 893 2601 uec
917 2546 1021 2604 Luna
1054 2547 1171 2608 ridetur

153 2653 297 2734 „surgere
317 2646 434 2709 obtusa.
444 2655 466 2685 “

239 2753 399 2840 Aggreffus
436 2776 519 2816 eram
549 2776 618 2815 curn
656 2758 726 2817 viris
761 2754 857 2816 docus
891 2755 1000 2817 locum
1034 2765 1171 2842 interpre-

152 2871 269 2929 tatione
295 2865 404 2922 altera:
453 2878 486 2922 et
504 2864 601 2921 Luna
621 2860 754 2920 videtur
769 2862 911 2939 surgere
944 2865 1102 2941 (cernitur
1122 2867 1170 2927 sur·

152 2977 239 3058 gens)
263 2972 355 3036 oriri,
376 2990 443 3028 non
464 2969 608 3026 obnoxia
621 2969 746 3045 fratris
765 2964 881 3035 radiis,
900 2968 974 3037 solit
996 2971 1082 3054 quafi
1094 2972 1169 3034 effet:

151 3084 194 3140 ita
221 3094 252 3138 vt
274 3097 338 3137 non
363 3074 398 3134 fit
425 3073 575 3145 obnoxia,
610 3093 678 3133 non
705 3073 845 3132 videatur
870 3072 931 3134 effe
959 3077 1114 3156 obnoxia;
1146 3093 1170 3134 tt

151 3183 250 3246 sensus
270 3180 358 3241 effet:
393 3181 466 3239 luna
491 3196 553 3239 tam
580 3179 659 3239 clara
680 3195 713 3239 et
738 3200 816 3259 pura
837 3180 907 3239 luce
936 3186 1056 3257 oritur,
1089 3185 1168 3251 lucet,

150 3304 184 3348 vt
204 3307 270 3346 uon
290 3285 344 3344 l'oli
366 3284 480 3344 debere
501 3286 618 3358 lucem,
650 3285 701 3345 sed
721 3289 846 3364 propria
865 3285 934 3345 luce
957 3287 1063 3351 lucere
1081 3291 1169 3349 videt·

151 3408 209 3453 tur.
264 3392 403 3470 atquae
425 3390 550 3450 tandem
577 3394 712 3473 argutiae
739 3388 796 3450 hae
825 3390 910 3450 sunt!
947 3412 991 3453 an
1017 3395 1091 3456 luna
1118 3395 1168 3454 cit·
1218 3416 1220 3477 ᾗ

150 3503 264 3562 riorem
283 3497 383 3556 lucem
404 3491 543 3554 habitura
564 3493 647 3567 effet,
670 3492 692 3554 st
711 3500 835 3577 propria
851 3497 921 3556 luce
938 3497 1080 3562 luceret?
1099 3501 1167 3561 vnde

151 3604 211 3669 hoc
237 3601 377 3684 suspicari
397 3600 489 3662 licet?
526 3621 566 3662 un
585 3622 652 3662 nou
673 3622 691 3661 a
712 3601 773 3662 sole
795 3603 893 3663 lucem
914 3603 1095 3667 foeneratur
1110 3607 1166 3667 satit

150 3713 261 3773 claram
284 3731 319 3770 ac
340 3729 467 3791 puram,
497 3709 593 3769 modo
614 3705 723 3768 iustum
742 3724 861 3788 tempus
884 3709 1034 3772 redierit?
1076 3714 1165 3772 Vere·

149 3834 196 3880 'rat
214 3823 246 3877 in
269 3833 415 3883 mentem.
439 3815 602 3876 sententiae
621 3815 728 3874 melius
749 3811 803 3873 fibi
822 3811 972 3889 constare,
1002 3815 1026 3878 fi
1045 3818 1084 3880 vs.
1103 3820 1165 3899 396.

148 3946 208 4007 pro
229 3925 297 3984 Nec
308 3925 448 4001 fratris,
475 3921 629 4002 legeretur
647 3922 692 3979 Et
712 3919 819 3980 adscita
843 3921 938 3980 altera
958 3921 1094 3986 lectione
1113 3943 1167 3983 me·

148 4031 226 4093 liure
246 4027 369 4093 videri,
399 4025 459 4088 hoc
476 4027 589 4087 modo:
625 4028 709 4086 Nam
739 4047 845 4108 neque
869 4041 938 4086 eum
956 4030 1066 4108 stellis
1088 4034 1166 4089 actu

149 4136 266 4212 obtusa
282 4132 463 4199 videri,·Et
474 4133 598 4211 fratris
619 4130 723 4190 radiis
742 4131 887 4191 obnoxia
896 4133 1042 4212 surgere
1057 4139 1165 4196 Luttoe

144 4242 296 4303 infinitiuo
325 4237 483 4310 historico,
518 4241 551 4297 rt
569 4234 630 4297 it:
665 4257 738 4298 nam
760 4252 794 4298 et
813 4234 969 4316 stellarum
998 4248 1078 4307 ecies
1099 4260 1164 4311 tutu,
