2692 4914
128 328 859 436 EORGICONLIB.11‚t7u‚-487
933 340 1004 420 521

128 519 177 591 ihi
196 540 233 596 et
247 525 341 621 rigui
355 515 528 621 placeant
541 524 582 593 in
596 517 751 595 vallibus
764 547 909 617 amnes;
929 531 1003 615 485

128 680 272 729 tamem
291 651 473 753 filuasque
488 654 677 753 inglutius.
722 659 770 746 Ο,
792 655 854 730 vbi
867 672 1001 766 campi,

131 813 267 887 osque,
296 805 334 861 et
355 784 555 886 virginibus
570 787 750 864 bacchata
770 792 949 870 Lacaenis

128 954 189 1027 gadi
210 954 289 1006 Rom.
313 952 399 1006 Pierii.
468 955 519 1021 486
531 955 557 1008 O
574 955 626 1009 ubi
649 955 751 1026 Tempe
770 958 920 1014 coniectura
940 963 1000 1036 plu·

128 1056 192 1092 trum
209 1040 323 1091 virorum
343 1037 532 1110 apudBurm.,
565 1056 635 1094 atet
651 1045 740 1112 uussp
769 1042 821 1095 ium
843 1065 997 1115 memorata,

128 1143 164 1177 at.
232 1125 284 1192 487
304 1124 512 1195 Spercheosque
531 1124 632 1179 dietum
651 1140 678 1179 vt
699 1125 843 1195 Ἀλφειὼ,
871 1133 996 1201 Alpheae,

128 1228 219 1273 eneas,
253 1206 289 1262 fic
306 1211 451 1280 Σπερχειὸς
458 1249 467 1276 ,
493 1210 647 1281 Spercheut.
690 1211 812 1267 Heiutus
832 1217 997 1288 reposuit‚e
1105 1201 1117 1225 ⁰

128 1363 256 1420 emerat,
279 1367 316 1407 ex
333 1350 458 1430 antiqua
497 1354 623 1429 poetica
654 1349 818 1425 facultate,
865 1350 996 1422 naturae

146 1437 339 1533 philosophia
379 1455 458 1532 peti·
499 1452 632 1534 aliquam
661 1456 912 1516 coniunctionem
940 1458 995 1522 bt.

128 1557 145 1613 ri
169 1568 291 1635 poterat
299 1595 309 1625 ,
342 1557 376 1612 in
397 1574 457 1636 qua
497 1550 572 1613 bere
592 1554 689 1614 videri
708 1569 840 1636 poterat.
890 1559 995 1623 Imita-

128 1657 170 1725 ia,
194 1657 324 1740 φρένας,
346 1654 456 1739 epam(
497 1669 544 1714 tus
556 1651 599 1715 est
613 1654 730 1716 versura
744 1659 857 1718 Lucan.
872 1659 911 1731 11,
930 1666 993 1744 557

128 1779 162 1816 tm
182 1777 249 1817 non
272 1757 366 1817 modo
389 1778 455 1818 mo·
498 1757 658 1817 Ferrtidus
673 1758 755 1817 baec
768 1762 888 1818 iterum
902 1765 994 1821 eirca

128 1863 180 1930 mi,
208 1859 260 1919 sed
281 1873 312 1918 et
332 1863 453 1934 mentis,
493 1857 694 1936 praecordia
720 1861 864 1939 sanguis
895 1864 993 1924 Inca-

162 1960 223 2020 vid.
247 1960 357 2020 Cicero
378 1958 452 2018 ibid.
496 1958 567 2018 luit.

128 2083 158 2123 tc
180 2061 277 2142 ipsum
298 2060 455 2141 Empedo·
549 2063 622 2139 485.
649 2081 765 2123 amitat
784 2067 890 2143 rigni,
920 2065 950 2126 it.
970 2068 992 2131 i.

128 2207 136 2235 ‚
166 2167 250 2223 cuius
268 2164 368 2224 verius
388 2164 454 2223 lau·
495 2166 548 2244 qui
570 2166 681 2244 rigant.
730 2185 855 2236 amem,
878 2169 991 2230 colam.

128 2265 314 2348 Etymologo
334 2268 452 2348 Magno
494 2264 649 2345 Exemplis
705 2266 831 2329 illustrat
885 2259 990 2332 burm.

128 2368 251 2427 talibi:
287 2360 371 2444 Αἷιια
396 2362 452 2450 vaip
494 2369 688 2446 486-489.
713 2368 743 2427 Ο
765 2391 858 2452 quam
877 2374 990 2435 vellem

166 2463 352 2551 περικᾶρδιὸν
387 2473 452 2532 ἐστι
493 2472 557 2528 ruri
571 2473 665 2528 vitam
680 2477 791 2552 ageret
812 2473 988 2556 Tamquam
1033 2482 1043 2527 t

128 2571 240 2629 nabilis
253 2571 338 2630 iocus
350 2567 450 2630 Schol.
492 2585 587 2651 poeta
606 2568 759 2630 nobiliora
779 2592 850 2633 mra
871 2595 990 2636 memo·

128 2672 275 2732 i·l·iorat.
303 2675 367 2733 Art.
387 2676 451 2750 465
493 2688 550 2746 rat,
580 2676 613 2732 in
634 2669 820 2750 Thebanae,
859 2676 989 2733 Laconi·
1038 2755 1040 2758 y

128 2778 164 2833 lea
199 2805 243 2819 -
279 2776 338 2855 qtti
366 2773 451 2832 dice·
494 2796 558 2847 cae,
581 2794 617 2833 ac
630 2773 780 2835 Thraciae
793 2779 916 2853 campis.
947 2775 985 2836 ci.

128 2873 169 2933 da
195 2877 330 2951 ingenia
349 2876 451 2954 frigi·
494 2877 633 2936 Culicem
648 2898 675 2934 v.
693 2880 750 2956 93,
777 2881 809 2935 in
826 2895 887 2957 quo
901 2873 987 2957 quali

146 2976 348 3056 praecordia
369 2978 452 3053 san·
493 2979 606 3038 semina
626 2992 679 3037 aut
698 2979 868 3037 rudimenta
896 2974 986 3038 huius

128 3078 251 3161 pediti.
306 3080 345 3138 At
374 3100 451 3160 quo·
493 3081 669 3161 pulcerrimi
695 3079 757 3139 loci
788 3075 898 3136 videas.
958 3083 987 3138 Ο

128 3180 200 3241 haec
221 3180 336 3241 somnia
353 3178 451 3239 homi·
492 3181 550 3240 vbi
563 3201 629 3241 non
643 3184 747 3267 itaqua
761 3174 819 3248 eii,
849 3193 880 3236 vt
895 3176 985 3240 litum

128 3282 295 3364 potuere?
318 3283 450 3354 Scilicet,
491 3285 632 3344 locantm
650 3295 786 3363 quaerat,
813 3275 865 3337 red
888 3295 920 3339 vt
940 3278 985 3340 ibi

128 3391 165 3446 tis
183 3407 285 3445 rerum
300 3385 451 3446 aetatibut
492 3387 594 3468 degat.
642 3379 743 3442 Habet
766 3394 869 3441 tamen
899 3383 985 3444 locut

128 3489 291 3569 tiapiena,
316 3492 369 3570 qui
384 3506 450 3546 nou
492 3495 638 3549 maiorem
671 3475 841 3564 δεινότητα,
884 3477 907 3541 li
940 3488 985 3546 ita

128 3609 169 3663 ta,
209 3590 309 3650 nuilus
338 3604 449 3669 poeta,
491 3595 608 3674 iungis:
659 3587 821 3643 Ovtinam
845 3579 897 3650 stt,
927 3590 987 3666 qut·

128 3698 228 3752 aaiore
249 3694 342 3750 animi
363 3705 450 3750 motu
491 3712 544 3750 me
554 3687 650 3764 Μαι
662 3685 716 3760 ibi,
733 3683 793 3744 vbi
805 3689 984 3767 campietc„

128 3795 156 3853 'tu
178 3807 354 3873 raperetur,
387 3809 448 3860 aut,
492 3789 693 3854 enthufiaimo
734 3786 877 3868 abreptus
919 3789 987 3849 sen·

128 3911 228 3969 antur,
266 3896 373 3953 diuino
393 3892 450 3972 spi·
492 3887 822 3954 tentiammerdiuem
839 3886 984 3951 turbauit.

128 3997 257 4076 tovatalv)
300 4010 450 4078 ageretur.
494 3996 609 4075 Campi
631 3990 871 4074 Spercheosque
906 4010 984 4070 poe-

128 4120 180 4180 {ue
188 4099 365 4177 sanguinis
382 4118 451 4156 cum
494 4102 553 4157 tica
572 4094 717 4157 structura
732 4087 934 4153 enthuliasmo
949 4106 983 4152 et

146 4206 263 4285 ingenii
276 4201 451 4278 subtilitate,
493 4198 556 4281 ipsa
579 4197 784 4259 consentanea
805 4193 896 4268 dixit,
927 4212 987 4274 pro

128 4300 131 4309 ’
547 4299 639 4367 una
