2692 4914
225 105 581 182 GEORGICON
606 108 749 198 LIB.I,
770 111 982 206 299-508
1050 106 1144 193 ³61>

90 289 304 390 Frigoribus
347 309 454 392 parto
497 291 683 390 agricolae
725 291 948 395 plerumque
997 293 1125 386 fruun-

346 411 351 420 ’
635 482 638 488 .
707 442 784 517 tur,·
1045 429 1122 503 500

85 559 296 656 Mutuaque
318 560 415 630 inter
439 555 475 631 se
499 554 588 631 laeti
609 563 786 631 conuiuia
812 578 954 633 curant.

81 694 223 763 Inuitat
245 689 398 788 genialis
417 689 554 782 hiems,
597 715 778 793 curasque
802 691 969 767 resoluit:

80 827 182 912 Ceu,
216 819 357 922 preffae
379 848 495 921 quum
517 831 592 897 iam
611 845 763 926 portum
783 832 940 924 tetigere
955 828 1118 914 carinae,

78 955 274 1055 Puppibus
301 974 341 1029 et
358 955 446 1028 lacti
468 975 604 1031 nautae
623 957 819 1057 inposuere
841 984 1011 1032 coronas.

78 1088 158 1165 Sed
178 1107 303 1162 tamen
321 1106 358 1161 et
383 1112 542 1188 quernas
561 1089 713 1189 glandes
735 1110 815 1163 tum
831 1090 1006 1191 stringere
1024 1109 1117 1164 tenr-

707 1250 788 1325 pus,
1038 1223 1113 1305 505

76 1358 126 1427 Et
145 1353 240 1427 lauri
265 1351 418 1445 baccas,
449 1354 668 1456 oleamque,
697 1377 928 1459 cruentaque
950 1377 1086 1452 myrta,

76 1491 180 1558 Tum
202 1485 352 1585 gruibus
372 1487 523 1584 pedicas
546 1508 583 1562 et
605 1473 696 1562 retia
715 1516 860 1590 ponere
880 1495 1010 1578 caruis,

75 1623 308 1718 Auritosque
334 1616 436 1718 sequi
459 1620 606 1720 lepores
615 1649 625 1709 ;
671 1639 752 1693 tum
776 1621 891 1722 figere
916 1622 1056 1711 damas,

143 1799 198 1852 500
205 1797 343 1869 feruntur
356 1798 453 1853 Medic.
469 1819 484 1853 a
498 1818 533 1853 m.
546 1818 586 1872 pr.
654 1801 704 1854 302
724 1816 821 1852 euram
833 1798 923 1854 Schol.
938 1800 1036 1872 Cruqu.
1049 1799 1108 1851 Ha·

74 1883 134 1936 rarii
149 1880 202 1934 Od.
217 1884 260 1943 III,
278 1901 308 1951 ¹7
331 1900 357 1938 et
378 1901 474 1938 veteres
488 1885 589 1955 aliquot
607 1883 679 1955 apud
696 1885 819 1936 Pierium.
864 1901 977 1948 curant,
1011 1903 1109 1948 curaer

75 1987 131 2019 non
157 1966 250 2038 refugit
267 1968 354 2021 Maro.
438 1971 487 2023 503
505 1968 626 2022 Heinfiua
647 1969 716 2022 conl.
734 1967 848 2041 feffae,
888 1969 1014 2040 probante
1041 1971 1110 2021 Bur·

75 2071 190 2105 manno:
218 2050 255 2104 est
274 2051 335 2104 lane
355 2052 408 2105 hoc
426 2055 561 2125 proprium
584 2053 612 2105 in
633 2052 726 2106 reditu.
762 2057 795 2105 At
815 2052 925 2124 preffae
943 2046 999 2106 aba
1019 2054 1106 2106 minue

76 2137 320 2190 accommodatum:
350 2151 374 2190 v.
398 2138 508 2192 Noram.
551 2137 671 2192 Reislrius
689 2135 854 2208 autsqffae,
879 2146 1109 2209 suspiceretur

82 2221 217 2292 Threffae
231 2221 402 2276 coniectabat.
463 2224 513 2290 504
532 2221 605 2275 Idem
618 2221 701 2275 versus
712 2225 776 2275 Aen.
791 2222 838 2283 IV,
851 2225 910 2289 418.
972 2225 1023 2277 506
1040 2231 1106 2274 mla·

75 2322 190 2376 eamque
204 2309 351 2378 oleamque
366 2322 483 2359 cruenta
495 2306 578 2362 Goth.
594 2306 643 2360 lac.
716 2307 767 2362 508
787 2305 914 2362 dammae
927 2306 1026 2362 Medic·
1040 2323 1103 2361 cum

74 2391 124 2453 aL,
147 2407 218 2444 etex
231 2391 283 2445 hoc
305 2393 349 2446 alii
370 2392 498 2447 damnas.

74 2559 196 2605 auocat.
237 2544 446 2627 plerumque,
475 2547 569 2604 maxi-
610 2542 649 2603 ad
669 2543 761 2603 Lares
785 2560 879 2603 naues
905 2539 1106 2605 declarabant

72 2667 124 2705 rna
147 2645 255 2705 hiemis
275 2662 362 2726 parte
375 2649 463 2707 Bion.
479 2647 567 2720 v1,5
610 2660 755 2705 coronata
776 2647 890 2723 puppi:
917 2646 951 2701 ln
972 2661 1032 2726 qua
1056 2657 1105 2702 tu·

74 2741 94 2830 ἢ
135 2750 185 2812 καὶ
219 2750 318 2827 χεῖμα
348 2743 484 2830 δύςεργον
510 2764 567 2810 etc.
610 2748 670 2805 tela
709 2748 795 2804 nauis
839 2744 985 2803 collocata
1027 2757 1103 2802 erat.

72 2853 136 2912 302
158 2849 301 2927 genialis
320 2847 440 2915 hiems:
461 2855 568 2911 conui-
604 2845 732 2928 prqffae
748 2848 883 2905 carinae
903 2845 972 2905 lunt
995 2847 1104 2904 merci·

71 2955 194 3011 riorum
211 2949 364 3021 hilaritati,
392 2949 497 3010 rifibus
521 2956 566 3011 io·
608 2947 664 3007 bus
694 2964 853 3019 oneratae,
897 2947 948 3006 seu
973 2942 1100 3006 onustae

71 3057 177 3135 cisque
200 3069 287 3132 apra,
321 3071 381 3132 qua
402 3057 494 3133 genio
518 3056 566 3111 in·
606 3070 711 3122 naues,
736 3050 796 3109 vid.
812 3047 924 3110 Tibull.
944 3048 970 3122 l,
993 3049 1026 3120 5,
1048 3053 1101 3126 40.

71 3155 225 3236 dulgerur.
312 3155 407 3213 Grata
464 3158 564 3234 poetis
608 3151 701 3210 Ould.
717 3150 859 3226 Fistw,
881 3151 954 3214 500.

69 3257 184 3316 dictio:
216 3277 251 3314 ex
274 3277 337 3338 quo
365 3258 447 3315 enim
472 3255 565 3317 semel
670 3255 743 3315 505.
787 3272 929 3336 quernas
960 3245 1100 3326 glandes

70 3379 140 3417 eum
160 3358 261 3416 Genio
281 3360 371 3417 notio
394 3355 563 3430 hilaritatis,
596 3352 760 3432 stringere
780 3355 840 3414 vid.
857 3349 970 3413 adEcl.
987 3350 1028 3423 X,
1046 3371 1098 3411 ao.

66 3461 208 3537 inprimis
260 3459 417 3537 epularum
424 3502 435 3532 ,
489 3480 563 3519 con·
605 3459 678 3520 506.
710 3471 846 3515 cruenta
866 3466 991 3532 myrra,
1023 3451 1099 3512 bac-

67 3564 175 3620 iuncta
194 3559 268 3631 fuit,
296 3561 428 3636 geniale
447 3561 563 3621 dIctum
606 3579 660 3619 cae
679 3563 769 3643 myrti
783 3561 888 3638 nigrae
908 3553 995 3615 succo
1014 3553 1099 3614 rubi·¹

66 3657 130 3730 est,
168 3661 315 3741 quicquid
341 3659 452 3737 hilare,
482 3659 563 3722 festi·
605 3661 724 3723 cundo:
761 3659 801 3719 ad
823 3662 927 3716 vinum
950 3656 1101 3716 condien⁴

65 3784 160 3834 vum,
200 3778 337 3845 gratum,
377 3763 561 3835 Iucundum,
605 3759 688 3833 dum,
716 3764 886 3844 myrtitem:
914 3762 999 3817 cuius
1022 3776 1098 3816 con·

68 3885 183 3947 corpus
208 3869 405 3948 anImumque
436 3881 562 3925 recreat.
605 3861 728 3922 ficiendl
747 3868 898 3924 rationem
916 3881 944 3919 v.
966 3879 1015 3938 ap.
1036 3855 1098 3916 Co·
1119 3942 1124 3954 =

64 3970 142 4031 505.
166 3968 238 4045 504.
268 3966 408 4029 Faustum
432 3968 564 4030 reditum
606 3965 680 4025 lum.
699 3965 775 4038 XII,
799 3967 849 4028 58.
903 3962 975 4029 508·
994 3957 1099 4030 A‘W'·

108 4071 209 4129 Tora.
230 4068 254 4131 I.
623 4069 686 4148 Qq
