<?xml version="1.0" encoding="UTF-8"?>
<!DOCTYPE html PUBLIC "-//W3C//DTD XHTML 1.0 Transitional//EN"
    "http://www.w3.org/TR/xhtml1/DTD/xhtml1-transitional.dtd">
<html xmlns="http://www.w3.org/1999/xhtml" xml:lang="en" lang="en">
 <head>
  <title>
</title>
<meta http-equiv="Content-Type" content="text/html;charset=utf-8" />
  <meta name='ocr-system' content='tesseract 3.04.00' />
  <meta name='ocr-capabilities' content='ocr_page ocr_carea ocr_par ocr_line ocrx_word'/>
</head>
<body>
  <div class='ocr_page' id='page_1' title='image "./pvirgilivsmarov00virggoog_0424.png"; bbox 0 0 2692 4914; ppageno 0'>
   <div class='ocr_carea' id='block_1_1' title="bbox 281 252 1176 399">
    <p class='ocr_par' dir='ltr' id='par_1_1' title="bbox 281 252 1176 399">
     <span class='ocr_line' id='line_1_1' title="bbox 281 252 1176 399; baseline -0.015 -11"><span class='ocrx_word' id='word_1_1' title='bbox 281 313 626 393; x_wconf 86' lang='lat' dir='ltr'>GEORGIGON</span> <span class='ocrx_word' id='word_1_2' title='bbox 660 252 1044 399; x_wconf 56' lang='lat' dir='ltr'>mutuo-521.</span> <span class='ocrx_word' id='word_1_3' title='bbox 1102 291 1176 381; x_wconf 78' lang='lat'>355</span> 
     </span>
    </p>
   </div>
   <div class='ocr_carea' id='block_1_2' title="bbox 152 490 1178 699">
    <p class='ocr_par' dir='ltr' id='par_1_2' title="bbox 152 490 1178 699">
     <span class='ocr_line' id='line_1_2' title="bbox 152 490 1178 598; baseline -0.016 -20"><span class='ocrx_word' id='word_1_4' title='bbox 152 507 280 578; x_wconf 84' lang='lat' dir='ltr'><strong>Ferret</strong></span> <span class='ocrx_word' id='word_1_5' title='bbox 302 502 419 576; x_wconf 80' lang='lat' dir='ltr'>hieme</span> <span class='ocrx_word' id='word_1_6' title='bbox 447 498 686 598; x_wconf 84' lang='lat' dir='ltr'>culmumque</span> <span class='ocrx_word' id='word_1_7' title='bbox 711 495 835 571; x_wconf 88' lang='lat' dir='ltr'>leuem</span> <span class='ocrx_word' id='word_1_8' title='bbox 868 490 1087 593; x_wconf 79' lang='lat' dir='ltr'>stipulasque</span> <span class='ocrx_word' id='word_1_9' title='bbox 1112 511 1178 562; x_wconf 81' lang='lat' dir='ltr'>ro·</span> 
     </span>
     <span class='ocr_line' id='line_1_3' title="bbox 764 626 996 699; baseline -0.017 -1"><span class='ocrx_word' id='word_1_10' title='bbox 764 626 885 699; x_wconf 84' lang='lat' dir='ltr'>lautis.</span> <span class='ocrx_word' id='word_1_11' title='bbox 989 679 996 694; x_wconf 88' lang='lat'><strong>.</strong></span> 
     </span>
    </p>
   </div>
   <div class='ocr_carea' id='block_1_3' title="bbox 150 821 1176 986">
    <p class='ocr_par' dir='ltr' id='par_1_3' title="bbox 150 821 1176 986">
     <span class='ocr_line' id='line_1_4' title="bbox 220 821 1176 903; baseline -0.012 -19"><span class='ocrx_word' id='word_1_12' title='bbox 220 830 267 885; x_wconf 80' lang='lat'>321</span> <span class='ocrx_word' id='word_1_13' title='bbox 287 829 482 903; x_wconf 77' lang='lat' dir='ltr'>stipulamque</span> <span class='ocrx_word' id='word_1_14' title='bbox 499 830 643 885; x_wconf 80' lang='lat' dir='ltr'>uolantem</span> <span class='ocrx_word' id='word_1_15' title='bbox 659 827 749 879; x_wconf 75' lang='lat' dir='ltr'>Frena.</span> <span class='ocrx_word' id='word_1_16' title='bbox 788 822 982 895; x_wconf 75' lang='lat' dir='ltr'>stipulamque</span> <span class='ocrx_word' id='word_1_17' title='bbox 1002 824 1092 876; x_wconf 79' lang='lat' dir='ltr'>leuem</span> <span class='ocrx_word' id='word_1_18' title='bbox 1119 821 1176 873; x_wconf 81' lang='lat' dir='ltr'>crd-</span> 
     </span>
     <span class='ocr_line' id='line_1_5' title="bbox 150 906 1175 986; baseline -0.015 -18"><span class='ocrx_word' id='word_1_19' title='bbox 150 934 268 986; x_wconf 83' lang='lat' dir='ltr'>mosque</span> <span class='ocrx_word' id='word_1_20' title='bbox 281 918 413 970; x_wconf 76' lang='lat' dir='ltr'>volantes</span> <span class='ocrx_word' id='word_1_21' title='bbox 425 915 526 976; x_wconf 88' lang='lat' dir='ltr'>Zulich.</span> <span class='ocrx_word' id='word_1_22' title='bbox 553 911 733 982; x_wconf 79' lang='lat' dir='ltr'>stipulasque</span> <span class='ocrx_word' id='word_1_23' title='bbox 745 909 886 979; x_wconf 78' lang='lat' dir='ltr'>sonanter</span> <span class='ocrx_word' id='word_1_24' title='bbox 898 908 981 963; x_wconf 87' lang='lat' dir='ltr'>Goth.</span> <span class='ocrx_word' id='word_1_25' title='bbox 996 926 1052 979; x_wconf 78' lang='lat' dir='ltr'>pr.;</span> <span class='ocrx_word' id='word_1_26' title='bbox 1070 923 1097 959; x_wconf 78' lang='lat' dir='ltr'>vt</span> <span class='ocrx_word' id='word_1_27' title='bbox 1105 906 1175 979; x_wconf 79' lang='lat' dir='ltr'>sm.</span> 
     </span>
    </p>
   </div>
   <div class='ocr_carea' id='block_1_4' title="bbox 148 992 1175 1146">
    <p class='ocr_par' dir='ltr' id='par_1_4' title="bbox 148 992 1175 1146">
     <span class='ocr_line' id='line_1_6' title="bbox 148 992 1175 1073; baseline -0.012 -20"><span class='ocrx_word' id='word_1_28' title='bbox 148 1004 224 1073; x_wconf 77' lang='lat' dir='ltr'>giiet</span> <span class='ocrx_word' id='word_1_29' title='bbox 244 1004 369 1054; x_wconf 82' lang='lat' dir='ltr'><em>calamos</em></span> <span class='ocrx_word' id='word_1_30' title='bbox 383 998 546 1069; x_wconf 71' lang='lat' dir='ltr'>filicumque</span> <span class='ocrx_word' id='word_1_31' title='bbox 563 996 715 1066; x_wconf 81' lang='lat' dir='ltr'>sonantem</span> <span class='ocrx_word' id='word_1_32' title='bbox 736 993 868 1063; x_wconf 83' lang='lat' dir='ltr'>Georg.1,</span> <span class='ocrx_word' id='word_1_33' title='bbox 885 995 925 1062; x_wconf 86' lang='lat'>76.</span> <span class='ocrx_word' id='word_1_34' title='bbox 973 993 1107 1060; x_wconf 77' lang='lat' dir='ltr'>lituosque</span> <span class='ocrx_word' id='word_1_35' title='bbox 1121 992 1175 1061; x_wconf 91' lang='lat' dir='ltr'>s⁰·</span> 
     </span>
     <span class='ocr_line' id='line_1_7' title="bbox 149 1076 1170 1146; baseline -0.004 -10"><span class='ocrx_word' id='word_1_36' title='bbox 149 1101 252 1138; x_wconf 80' lang='lat' dir='ltr'>nantes</span> <span class='ocrx_word' id='word_1_37' title='bbox 262 1084 318 1138; x_wconf 84' lang='lat' dir='ltr'><strong>Ecl.</strong></span> <span class='ocrx_word' id='word_1_38' title='bbox 332 1086 367 1146; x_wconf 76' lang='lat' dir='ltr'>X,</span> <span class='ocrx_word' id='word_1_39' title='bbox 383 1087 425 1140; x_wconf 83' lang='lat'>58.</span> <span class='ocrx_word' id='word_1_40' title='bbox 459 1084 600 1140; x_wconf 78' lang='lat' dir='ltr'>Enimuero</span> <span class='ocrx_word' id='word_1_41' title='bbox 620 1097 691 1132; x_wconf 89' lang='lat' dir='ltr'>nunc</span> <span class='ocrx_word' id='word_1_42' title='bbox 708 1078 809 1142; x_wconf 78' lang='lat' dir='ltr'>volant,</span> <span class='ocrx_word' id='word_1_43' title='bbox 829 1076 894 1133; x_wconf 88' lang='lat' dir='ltr'>dum</span> <span class='ocrx_word' id='word_1_44' title='bbox 912 1077 945 1132; x_wconf 75' lang='lat' dir='ltr'>ab</span> <span class='ocrx_word' id='word_1_45' title='bbox 965 1096 1027 1131; x_wconf 79' lang='lat' dir='ltr'>rura</span> <span class='ocrx_word' id='word_1_46' title='bbox 1039 1079 1170 1143; x_wconf 66' lang='lat' dir='ltr'>femntura</span> 
     </span>
    </p>
   </div>
   <div class='ocr_carea' id='block_1_5' title="bbox 147 1169 327 1224">
    <p class='ocr_par' dir='ltr' id='par_1_5' title="bbox 147 1169 327 1224">
     <span class='ocr_line' id='line_1_8' title="bbox 147 1169 327 1224; baseline 0.006 -1"><span class='ocrx_word' id='word_1_47' title='bbox 147 1190 206 1223; x_wconf 85' lang='lat' dir='ltr'>uon</span> <span class='ocrx_word' id='word_1_48' title='bbox 226 1169 327 1224; x_wconf 85' lang='lat' dir='ltr'>sonant.</span> 
     </span>
    </p>
   </div>
   <div class='ocr_carea' id='block_1_6' title="bbox 117 1311 1262 3845">
    <p class='ocr_par' dir='ltr' id='par_1_6' title="bbox 117 1311 1262 3845">
     <span class='ocr_line' id='line_1_9' title="bbox 149 1311 1175 1412; baseline -0.001 -21"><span class='ocrx_word' id='word_1_49' title='bbox 149 1336 257 1412; x_wconf 82' lang='lat' dir='ltr'>gotio,</span> <span class='ocrx_word' id='word_1_50' title='bbox 303 1329 422 1403; x_wconf 83' lang='lat' dir='ltr'>hiems,</span> <span class='ocrx_word' id='word_1_51' title='bbox 463 1321 639 1409; x_wconf 81' lang='lat' dir='ltr'>tempestat,</span> <span class='ocrx_word' id='word_1_52' title='bbox 681 1322 703 1382; x_wconf 92' lang='lat' dir='ltr'>l.</span> <span class='ocrx_word' id='word_1_53' title='bbox 730 1311 985 1388; x_wconf 84' lang='lat' dir='ltr'>eommentantem</span> <span class='ocrx_word' id='word_1_54' title='bbox 1015 1327 1055 1387; x_wconf 79' lang='lat' dir='ltr'>ad</span> <span class='ocrx_word' id='word_1_55' title='bbox 1083 1326 1175 1390; x_wconf 81' lang='lat' dir='ltr'>subti-</span> 
     </span>
     <span class='ocr_line' id='line_1_10' title="bbox 140 1427 1172 1510; baseline 0.004 -22"><span class='ocrx_word' id='word_1_56' title='bbox 140 1433 257 1510; x_wconf 84' lang='lat' dir='ltr'>serret</span> <span class='ocrx_word' id='word_1_57' title='bbox 284 1433 424 1490; x_wconf 83' lang='lat' dir='ltr'>culmum</span> <span class='ocrx_word' id='word_1_58' title='bbox 444 1445 501 1491; x_wconf 89' lang='lat' dir='ltr'>etc.</span> <span class='ocrx_word' id='word_1_59' title='bbox 555 1430 641 1488; x_wconf 86' lang='lat' dir='ltr'>Haec</span> <span class='ocrx_word' id='word_1_60' title='bbox 682 1429 790 1490; x_wconf 90' lang='lat' dir='ltr'>liorem</span> <span class='ocrx_word' id='word_1_61' title='bbox 804 1433 954 1490; x_wconf 89' lang='lat' dir='ltr'>rationem</span> <span class='ocrx_word' id='word_1_62' title='bbox 967 1427 1172 1493; x_wconf 85' lang='lat' dir='ltr'>abducebant.</span> 
     </span>
     <span class='ocr_line' id='line_1_11' title="bbox 117 1528 1172 1614; baseline 0.001 -22"><span class='ocrx_word' id='word_1_63' title='bbox 117 1600 121 1607; x_wconf 30' lang='lat'>¹</span> <span class='ocrx_word' id='word_1_64' title='bbox 149 1550 255 1594; x_wconf 69' lang='lat' dir='ltr'>tamen</span> <span class='ocrx_word' id='word_1_65' title='bbox 277 1537 463 1614; x_wconf 86' lang='lat' dir='ltr'>comparatio</span> <span class='ocrx_word' id='word_1_66' title='bbox 477 1551 586 1611; x_wconf 91' lang='lat' dir='ltr'>parum</span> <span class='ocrx_word' id='word_1_67' title='bbox 602 1528 641 1587; x_wconf 92' lang='lat' dir='ltr'>ad</span> <span class='ocrx_word' id='word_1_68' title='bbox 682 1532 821 1590; x_wconf 88' lang='lat' dir='ltr'><strong>Necdum</strong></span> <span class='ocrx_word' id='word_1_69' title='bbox 834 1552 885 1591; x_wconf 84' lang='lat' dir='ltr'>me</span> <span class='ocrx_word' id='word_1_70' title='bbox 901 1531 1005 1590; x_wconf 90' lang='lat' dir='ltr'>iudicii</span> <span class='ocrx_word' id='word_1_71' title='bbox 1020 1536 1081 1591; x_wconf 90' lang='lat' dir='ltr'>mei</span> <span class='ocrx_word' id='word_1_72' title='bbox 1093 1554 1172 1612; x_wconf 85' lang='lat' dir='ltr'>poe·</span> 
     </span>
     <span class='ocr_line' id='line_1_12' title="bbox 149 1626 1172 1716; baseline 0.006 -28"><span class='ocrx_word' id='word_1_73' title='bbox 149 1635 323 1716; x_wconf 78' lang='lat' dir='ltr'>augendam</span> <span class='ocrx_word' id='word_1_74' title='bbox 349 1639 395 1693; x_wconf 87' lang='lat' dir='ltr'>rei</span> <span class='ocrx_word' id='word_1_75' title='bbox 421 1626 572 1712; x_wconf 68' lang='grc' dir='ltr'><em>δεινότητα</em></span> <span class='ocrx_word' id='word_1_76' title='bbox 596 1630 641 1689; x_wconf 75' lang='lat' dir='ltr'>fit·</span> <span class='ocrx_word' id='word_1_77' title='bbox 682 1637 775 1700; x_wconf 79' lang='lat' dir='ltr'>nitet;</span> <span class='ocrx_word' id='word_1_78' title='bbox 816 1652 883 1692; x_wconf 86' lang='lat' dir='ltr'>non</span> <span class='ocrx_word' id='word_1_79' title='bbox 906 1635 989 1691; x_wconf 82' lang='lat' dir='ltr'>enim</span> <span class='ocrx_word' id='word_1_80' title='bbox 1009 1631 1084 1691; x_wconf 82' lang='lat' dir='ltr'>mihi</span> <span class='ocrx_word' id='word_1_81' title='bbox 1104 1634 1172 1694; x_wconf 78' lang='lat' dir='ltr'>satis</span> 
     </span>
     <span class='ocr_line' id='line_1_13' title="bbox 147 1729 1173 1816; baseline 0 -20"><span class='ocrx_word' id='word_1_82' title='bbox 147 1756 231 1808; x_wconf 85' lang='lat' dir='ltr'>cere,</span> <span class='ocrx_word' id='word_1_83' title='bbox 257 1740 353 1794; x_wconf 89' lang='lat' dir='ltr'>immo</span> <span class='ocrx_word' id='word_1_84' title='bbox 368 1754 438 1793; x_wconf 88' lang='lat' dir='ltr'>eam</span> <span class='ocrx_word' id='word_1_85' title='bbox 458 1737 640 1794; x_wconf 86' lang='lat' dir='ltr'>imminuere</span> <span class='ocrx_word' id='word_1_86' title='bbox 682 1749 765 1804; x_wconf 86' lang='lat' dir='ltr'>erat,</span> <span class='ocrx_word' id='word_1_87' title='bbox 792 1729 907 1791; x_wconf 76' lang='lat' dir='ltr'>senium</span> <span class='ocrx_word' id='word_1_88' title='bbox 927 1733 1173 1816; x_wconf 76' lang='lat' dir='ltr'>qualemcunque</span> 
     </span>
     <span class='ocr_line' id='line_1_14' title="bbox 148 1834 1173 1918; baseline 0.003 -24"><span class='ocrx_word' id='word_1_89' title='bbox 148 1858 186 1895; x_wconf 83' lang='lat' dir='ltr'>ac</span> <span class='ocrx_word' id='word_1_90' title='bbox 206 1837 364 1918; x_wconf 75' lang='lat' dir='ltr'>frangere,</span> <span class='ocrx_word' id='word_1_91' title='bbox 392 1835 521 1895; x_wconf 86' lang='lat' dir='ltr'>videtur.</span> <span class='ocrx_word' id='word_1_92' title='bbox 577 1834 641 1893; x_wconf 48' lang='lat' dir='ltr'>Rue</span> <span class='ocrx_word' id='word_1_93' title='bbox 682 1838 816 1913; x_wconf 83' lang='lat' dir='ltr'>arripere</span> <span class='ocrx_word' id='word_1_94' title='bbox 838 1849 889 1894; x_wconf 88' lang='lat' dir='ltr'>aut</span> <span class='ocrx_word' id='word_1_95' title='bbox 914 1834 1044 1906; x_wconf 84' lang='lat' dir='ltr'>inferre,</span> <span class='ocrx_word' id='word_1_96' title='bbox 1066 1856 1173 1896; x_wconf 85' lang='lat' dir='ltr'>verum</span> 
     </span>
     <span class='ocr_line' id='line_1_15' title="bbox 149 1931 1248 2017; baseline 0.005 -21"><span class='ocrx_word' id='word_1_97' title='bbox 149 1958 225 1997; x_wconf 81' lang='lat' dir='ltr'>aeus</span> <span class='ocrx_word' id='word_1_98' title='bbox 258 1941 301 1997; x_wconf 85' lang='lat' dir='ltr'>ita</span> <span class='ocrx_word' id='word_1_99' title='bbox 336 1941 564 2017; x_wconf 85' lang='lat' dir='ltr'>interpretatur,</span> <span class='ocrx_word' id='word_1_100' title='bbox 607 1948 641 1993; x_wconf 87' lang='lat' dir='ltr'>vt</span> <span class='ocrx_word' id='word_1_101' title='bbox 682 1958 719 1996; x_wconf 84' lang='lat' dir='ltr'>ex</span> <span class='ocrx_word' id='word_1_102' title='bbox 751 1931 821 2015; x_wconf 82' lang='lat' dir='ltr'>ipfis</span> <span class='ocrx_word' id='word_1_103' title='bbox 850 1934 948 1994; x_wconf 86' lang='lat' dir='ltr'>verbis</span> <span class='ocrx_word' id='word_1_104' title='bbox 978 1943 1174 2017; x_wconf 72' lang='lat' dir='ltr'>grammatice</span> <span class='ocrx_word' id='word_1_105' title='bbox 1241 1974 1248 2001; x_wconf 69' lang='grc' dir='ltr'>ι</span> 
     </span>
     <span class='ocr_line' id='line_1_16' title="bbox 148 2034 1173 2120; baseline 0.001 -23"><span class='ocrx_word' id='word_1_106' title='bbox 148 2037 245 2099; x_wconf 85' lang='lat' dir='ltr'>verba</span> <span class='ocrx_word' id='word_1_107' title='bbox 257 2035 316 2099; x_wconf 90' lang='lat' dir='ltr'>fint</span> <span class='ocrx_word' id='word_1_108' title='bbox 330 2036 573 2118; x_wconf 78' lang='lat' dir='ltr'>epiphonematis</span> <span class='ocrx_word' id='word_1_109' title='bbox 594 2034 641 2095; x_wconf 91' lang='lat' dir='ltr'>lo·</span> <span class='ocrx_word' id='word_1_110' title='bbox 679 2039 749 2120; x_wconf 78' lang='lat' dir='ltr'>lege</span> <span class='ocrx_word' id='word_1_111' title='bbox 776 2038 946 2097; x_wconf 77' lang='lat' dir='ltr'>erratione</span> <span class='ocrx_word' id='word_1_112' title='bbox 966 2034 1082 2096; x_wconf 82' lang='lat' dir='ltr'>sensum</span> <span class='ocrx_word' id='word_1_113' title='bbox 1105 2058 1173 2098; x_wconf 80' lang='lat' dir='ltr'>ern·</span> 
     </span>
     <span class='ocr_line' id='line_1_17' title="bbox 148 2137 1173 2220; baseline -0.001 -20"><span class='ocrx_word' id='word_1_114' title='bbox 148 2161 204 2201; x_wconf 85' lang='lat' dir='ltr'>co:</span> <span class='ocrx_word' id='word_1_115' title='bbox 233 2155 304 2198; x_wconf 85' lang='lat' dir='ltr'>eam</span> <span class='ocrx_word' id='word_1_116' title='bbox 322 2138 422 2216; x_wconf 81' lang='lat' dir='ltr'>denso</span> <span class='ocrx_word' id='word_1_117' title='bbox 442 2137 552 2198; x_wconf 83' lang='lat' dir='ltr'>nimbo</span> <span class='ocrx_word' id='word_1_118' title='bbox 573 2139 640 2195; x_wconf 84' lang='lat' dir='ltr'>iao·</span> <span class='ocrx_word' id='word_1_119' title='bbox 680 2160 742 2199; x_wconf 84' lang='lat' dir='ltr'>ere.</span> <span class='ocrx_word' id='word_1_120' title='bbox 785 2138 848 2218; x_wconf 85' lang='lat' dir='ltr'>Qui</span> <span class='ocrx_word' id='word_1_121' title='bbox 867 2142 969 2219; x_wconf 84' lang='lat' dir='ltr'>itaque</span> <span class='ocrx_word' id='word_1_122' title='bbox 991 2138 1107 2220; x_wconf 85' lang='lat' dir='ltr'>aliquid</span> <span class='ocrx_word' id='word_1_123' title='bbox 1126 2140 1173 2199; x_wconf 84' lang='lat' dir='ltr'>di-</span> 
     </span>
     <span class='ocr_line' id='line_1_18' title="bbox 148 2238 1183 2323; baseline 0.005 -23"><span class='ocrx_word' id='word_1_124' title='bbox 148 2241 246 2301; x_wconf 75' lang='lat' dir='ltr'>tabat</span> <span class='ocrx_word' id='word_1_125' title='bbox 293 2241 442 2323; x_wconf 80' lang='lat' dir='ltr'>procella</span> <span class='ocrx_word' id='word_1_126' title='bbox 494 2241 639 2298; x_wconf 77' lang='lat' dir='ltr'>calamos</span> <span class='ocrx_word' id='word_1_127' title='bbox 680 2260 749 2300; x_wconf 91' lang='lat' dir='ltr'>cere</span> <span class='ocrx_word' id='word_1_128' title='bbox 763 2238 838 2310; x_wconf 89' lang='lat' dir='ltr'>vult,</span> <span class='ocrx_word' id='word_1_129' title='bbox 854 2239 941 2321; x_wconf 90' lang='lat' dir='ltr'>quod</span> <span class='ocrx_word' id='word_1_130' title='bbox 954 2238 993 2299; x_wconf 91' lang='lat' dir='ltr'>ad</span> <span class='ocrx_word' id='word_1_131' title='bbox 1006 2260 1072 2300; x_wconf 89' lang='lat' dir='ltr'>rem</span> <span class='ocrx_word' id='word_1_132' title='bbox 1087 2239 1183 2322; x_wconf 76' lang='lat' dir='ltr'>spec·&#39;</span> 
     </span>
     <span class='ocr_line' id='line_1_19' title="bbox 147 2336 1174 2424; baseline 0.004 -23"><span class='ocrx_word' id='word_1_133' title='bbox 147 2343 238 2401; x_wconf 79' lang='lat' dir='ltr'>leues</span> <span class='ocrx_word' id='word_1_134' title='bbox 264 2358 298 2402; x_wconf 86' lang='lat' dir='ltr'>et</span> <span class='ocrx_word' id='word_1_135' title='bbox 319 2341 461 2424; x_wconf 77' lang='lat' dir='ltr'>stipulas</span> <span class='ocrx_word' id='word_1_136' title='bbox 480 2342 638 2402; x_wconf 75' lang='lat' dir='ltr'>volantes.</span> <span class='ocrx_word' id='word_1_137' title='bbox 679 2356 734 2414; x_wconf 88' lang='lat' dir='ltr'>tet,</span> <span class='ocrx_word' id='word_1_138' title='bbox 753 2343 782 2400; x_wconf 89' lang='lat' dir='ltr'>ei</span> <span class='ocrx_word' id='word_1_139' title='bbox 795 2336 838 2399; x_wconf 87' lang='lat' dir='ltr'>est</span> <span class='ocrx_word' id='word_1_140' title='bbox 851 2345 1043 2424; x_wconf 86' lang='lat' dir='ltr'>grammatice</span> <span class='ocrx_word' id='word_1_141' title='bbox 1057 2342 1174 2406; x_wconf 81' lang='lat' dir='ltr'>duceu-</span> 
     </span>
     <span class='ocr_line' id='line_1_20' title="bbox 146 2441 1249 2527; baseline -0.003 -26"><span class='ocrx_word' id='word_1_142' title='bbox 146 2444 266 2504; x_wconf 88' lang='lat' dir='ltr'>Verum</span> <span class='ocrx_word' id='word_1_143' title='bbox 279 2441 319 2503; x_wconf 88' lang='lat' dir='ltr'>fic</span> <span class='ocrx_word' id='word_1_144' title='bbox 327 2443 464 2523; x_wconf 73' lang='lat' dir='ltr'>serebat</span> <span class='ocrx_word' id='word_1_145' title='bbox 474 2442 640 2503; x_wconf 89' lang='lat' dir='ltr'>dicendum</span> <span class='ocrx_word' id='word_1_146' title='bbox 680 2444 764 2515; x_wconf 87' lang='lat' dir='ltr'>dum,</span> <span class='ocrx_word' id='word_1_147' title='bbox 790 2443 950 2524; x_wconf 89' lang='lat' dir='ltr'>quomodo</span> <span class='ocrx_word' id='word_1_148' title='bbox 963 2445 1012 2502; x_wconf 75' lang='lat' dir='ltr'>tra</span> <span class='ocrx_word' id='word_1_149' title='bbox 1031 2474 1075 2492; x_wconf 88' lang='lat'>·-</span> <span class='ocrx_word' id='word_1_150' title='bbox 1094 2446 1172 2527; x_wconf 81' lang='lat' dir='ltr'>ser.</span> <span class='ocrx_word' id='word_1_151' title='bbox 1247 2479 1249 2482; x_wconf 92' lang='lat'><em>-</em></span> 
     </span>
     <span class='ocr_line' id='line_1_21' title="bbox 146 2539 1171 2628; baseline 0.007 -25"><span class='ocrx_word' id='word_1_152' title='bbox 146 2559 224 2609; x_wconf 86' lang='lat' dir='ltr'>erat.</span> <span class='ocrx_word' id='word_1_153' title='bbox 265 2544 413 2604; x_wconf 85' lang='lat' dir='ltr'>Catroeus</span> <span class='ocrx_word' id='word_1_154' title='bbox 435 2548 535 2616; x_wconf 88' lang='lat' dir='ltr'>vertit,</span> <span class='ocrx_word' id='word_1_155' title='bbox 556 2539 640 2625; x_wconf 84' lang='lat' dir='ltr'>quass</span> <span class='ocrx_word' id='word_1_156' title='bbox 680 2559 731 2603; x_wconf 81' lang='lat' dir='ltr'>ret</span> <span class='ocrx_word' id='word_1_157' title='bbox 752 2541 852 2625; x_wconf 78' lang='lat' dir='ltr'>possit.</span> <span class='ocrx_word' id='word_1_158' title='bbox 872 2540 931 2606; x_wconf 81' lang='lat' dir='ltr'>effe</span> <span class='ocrx_word' id='word_1_159' title='bbox 960 2542 1074 2608; x_wconf 88' lang='lat' dir='ltr'>dictum</span> <span class='ocrx_word' id='word_1_160' title='bbox 1100 2569 1171 2628; x_wconf 88' lang='lat' dir='ltr'>pro,</span> 
     </span>
     <span class='ocr_line' id='line_1_22' title="bbox 146 2644 1262 2729; baseline 0.003 -23"><span class='ocrx_word' id='word_1_161' title='bbox 146 2659 245 2726; x_wconf 81' lang='lat' dir='ltr'>poeta</span> <span class='ocrx_word' id='word_1_162' title='bbox 265 2644 397 2706; x_wconf 90' lang='lat' dir='ltr'>diceret:</span> <span class='ocrx_word' id='word_1_163' title='bbox 427 2660 487 2708; x_wconf 69' lang='lat' dir='ltr'>arat</span> <span class='ocrx_word' id='word_1_164' title='bbox 510 2645 640 2705; x_wconf 83' lang='lat' dir='ltr'>turbine</span> <span class='ocrx_word' id='word_1_165' title='bbox 682 2644 956 2729; x_wconf 82' lang='lat' dir='ltr'>quemadmodum</span> <span class='ocrx_word' id='word_1_166' title='bbox 971 2644 1073 2719; x_wconf 78' lang='lat' dir='ltr'>hiems</span> <span class='ocrx_word' id='word_1_167' title='bbox 1082 2650 1170 2729; x_wconf 82' lang='lat' dir='ltr'>fert.</span> <span class='ocrx_word' id='word_1_168' title='bbox 1259 2685 1262 2693; x_wconf 75' lang='lat'><em>›</em></span> 
     </span>
     <span class='ocr_line' id='line_1_23' title="bbox 145 2748 1173 2826; baseline 0.003 -18"><span class='ocrx_word' id='word_1_169' title='bbox 145 2750 254 2825; x_wconf 80' lang='lat' dir='ltr'>nigro.</span> <span class='ocrx_word' id='word_1_170' title='bbox 298 2749 330 2806; x_wconf 86' lang='lat' dir='ltr'>Si</span> <span class='ocrx_word' id='word_1_171' title='bbox 350 2748 566 2808; x_wconf 81' lang='lat' dir='ltr'>emendatione</span> <span class='ocrx_word' id='word_1_172' title='bbox 590 2767 639 2806; x_wconf 80' lang='lat' dir='ltr'>res</span> <span class='ocrx_word' id='word_1_173' title='bbox 681 2750 964 2826; x_wconf 84' lang='lat' dir='ltr'>Scilicetapoetis,</span> <span class='ocrx_word' id='word_1_174' title='bbox 993 2748 1033 2807; x_wconf 87' lang='lat' dir='ltr'>ad</span> <span class='ocrx_word' id='word_1_175' title='bbox 1054 2756 1173 2812; x_wconf 84' lang='lat' dir='ltr'>varian-</span> 
     </span>
     <span class='ocr_line' id='line_1_24' title="bbox 145 2845 1171 2932; baseline -0.001 -22"><span class='ocrx_word' id='word_1_176' title='bbox 145 2851 319 2932; x_wconf 82' lang='lat' dir='ltr'>indigeret,</span> <span class='ocrx_word' id='word_1_177' title='bbox 367 2851 508 2932; x_wconf 88' lang='lat' dir='ltr'>procliue</span> <span class='ocrx_word' id='word_1_178' title='bbox 549 2845 638 2909; x_wconf 83' lang='lat' dir='ltr'>effet:</span> <span class='ocrx_word' id='word_1_179' title='bbox 682 2851 752 2912; x_wconf 87' lang='lat' dir='ltr'>datu</span> <span class='ocrx_word' id='word_1_180' title='bbox 776 2852 965 2921; x_wconf 88' lang='lat' dir='ltr'>orationem,</span> <span class='ocrx_word' id='word_1_181' title='bbox 997 2846 1067 2924; x_wconf 82' lang='lat' dir='ltr'>sto,</span> <span class='ocrx_word' id='word_1_182' title='bbox 1104 2853 1171 2925; x_wconf 86' lang='lat' dir='ltr'>ita,</span> 
     </span>
     <span class='ocr_line' id='line_1_25' title="bbox 146 2950 1184 3030; baseline 0.001 -20"><span class='ocrx_word' id='word_1_183' title='bbox 146 2954 198 3010; x_wconf 81' lang='lat' dir='ltr'>ita</span> <span class='ocrx_word' id='word_1_184' title='bbox 229 2951 360 3011; x_wconf 79' lang='lat' dir='ltr'>turbine</span> <span class='ocrx_word' id='word_1_185' title='bbox 395 2954 489 3030; x_wconf 78' lang='lat' dir='ltr'>nigro</span> <span class='ocrx_word' id='word_1_186' title='bbox 521 2951 639 3027; x_wconf 86' lang='lat' dir='ltr'>Versat</span> <span class='ocrx_word' id='word_1_187' title='bbox 680 2950 775 3010; x_wconf 82' lang='lat' dir='ltr'>haud</span> <span class='ocrx_word' id='word_1_188' title='bbox 805 2951 921 3021; x_wconf 82' lang='lat' dir='ltr'>aliter,</span> <span class='ocrx_word' id='word_1_189' title='bbox 954 2952 1102 3029; x_wconf 78' lang='lat' dir='ltr'>pariter,</span> <span class='ocrx_word' id='word_1_190' title='bbox 1137 2955 1184 3021; x_wconf 54' lang='lat' dir='ltr'>iu,</span> 
     </span>
     <span class='ocr_line' id='line_1_26' title="bbox 147 3040 1172 3135; baseline 0.003 -24"><span class='ocrx_word' id='word_1_191' title='bbox 147 3040 269 3120; x_wconf 65' lang='lat' dir='ltr'>hierii:</span> <span class='ocrx_word' id='word_1_192' title='bbox 297 3052 382 3135; x_wconf 89' lang='lat' dir='ltr'>quod</span> <span class='ocrx_word' id='word_1_193' title='bbox 402 3051 501 3112; x_wconf 82' lang='lat' dir='ltr'>firmes</span> <span class='ocrx_word' id='word_1_194' title='bbox 522 3074 558 3112; x_wconf 84' lang='lat' dir='ltr'>ex</span> <span class='ocrx_word' id='word_1_195' title='bbox 578 3055 640 3112; x_wconf 93' lang='lat' dir='ltr'>Lu·</span> <span class='ocrx_word' id='word_1_196' title='bbox 680 3054 742 3114; x_wconf 79' lang='lat' dir='ltr'>fine</span> <span class='ocrx_word' id='word_1_197' title='bbox 764 3053 930 3114; x_wconf 81' lang='lat' dir='ltr'>sententiae</span> <span class='ocrx_word' id='word_1_198' title='bbox 946 3051 1052 3115; x_wconf 86' lang='lat' dir='ltr'>subiici</span> <span class='ocrx_word' id='word_1_199' title='bbox 1071 3052 1172 3114; x_wconf 86' lang='lat' dir='ltr'>solent</span> 
     </span>
     <span class='ocr_line' id='line_1_27' title="bbox 147 3144 1172 3236; baseline 0.003 -22"><span class='ocrx_word' id='word_1_200' title='bbox 147 3144 263 3226; x_wconf 84' lang='lat' dir='ltr'>cretio,</span> <span class='ocrx_word' id='word_1_201' title='bbox 308 3158 392 3214; x_wconf 84' lang='lat' dir='ltr'>cuius</span> <span class='ocrx_word' id='word_1_202' title='bbox 431 3154 530 3213; x_wconf 84' lang='lat' dir='ltr'>versus</span> <span class='ocrx_word' id='word_1_203' title='bbox 568 3171 638 3215; x_wconf 86' lang='lat' dir='ltr'>ante</span> <span class='ocrx_word' id='word_1_204' title='bbox 682 3158 907 3236; x_wconf 84' lang='lat' dir='ltr'>comparatiue:</span> <span class='ocrx_word' id='word_1_205' title='bbox 961 3152 1045 3214; x_wconf 88' lang='lat' dir='ltr'>haud</span> <span class='ocrx_word' id='word_1_206' title='bbox 1083 3155 1172 3217; x_wconf 84' lang='lat' dir='ltr'>aliter</span> 
     </span>
     <span class='ocr_line' id='line_1_28' title="bbox 146 3246 1171 3339; baseline 0.006 -23"><span class='ocrx_word' id='word_1_207' title='bbox 146 3246 256 3316; x_wconf 80' lang='lat' dir='ltr'>oculos</span> <span class='ocrx_word' id='word_1_208' title='bbox 277 3252 411 3314; x_wconf 83' lang='lat' dir='ltr'>habuiffe</span> <span class='ocrx_word' id='word_1_209' title='bbox 431 3253 534 3316; x_wconf 85' lang='lat' dir='ltr'>noster</span> <span class='ocrx_word' id='word_1_210' title='bbox 555 3255 639 3316; x_wconf 82' lang='lat' dir='ltr'>vide·</span> <span class='ocrx_word' id='word_1_211' title='bbox 681 3258 794 3332; x_wconf 87' lang='lat' dir='ltr'>hiems,</span> <span class='ocrx_word' id='word_1_212' title='bbox 828 3260 928 3339; x_wconf 77' lang='lat' dir='ltr'>grauia</span> <span class='ocrx_word' id='word_1_213' title='bbox 949 3254 1109 3338; x_wconf 78' lang='lat' dir='ltr'>tempestat</span> <span class='ocrx_word' id='word_1_214' title='bbox 1132 3277 1171 3322; x_wconf 72' lang='lat' dir='ltr'>ea</span> 
     </span>
     <span class='ocr_line' id='line_1_29' title="bbox 146 3355 1243 3440; baseline 0.006 -25"><span class='ocrx_word' id='word_1_215' title='bbox 146 3373 198 3421; x_wconf 84' lang='lat' dir='ltr'>tur</span> <span class='ocrx_word' id='word_1_216' title='bbox 219 3355 273 3418; x_wconf 89' lang='lat' dir='ltr'>lib.</span> <span class='ocrx_word' id='word_1_217' title='bbox 295 3358 335 3430; x_wconf 88' lang='lat' dir='ltr'>V,</span> <span class='ocrx_word' id='word_1_218' title='bbox 359 3358 419 3419; x_wconf 79' lang='lat'>218</span> <span class='ocrx_word' id='word_1_219' title='bbox 460 3358 505 3416; x_wconf 83' lang='lat' dir='ltr'>Et</span> <span class='ocrx_word' id='word_1_220' title='bbox 528 3371 638 3415; x_wconf 83' lang='lat' dir='ltr'>tamen</span> <span class='ocrx_word' id='word_1_221' title='bbox 678 3375 766 3440; x_wconf 88' lang='lat' dir='ltr'>parte</span> <span class='ocrx_word' id='word_1_222' title='bbox 801 3363 892 3431; x_wconf 85' lang='lat' dir='ltr'>anni,</span> <span class='ocrx_word' id='word_1_223' title='bbox 933 3379 995 3440; x_wconf 85' lang='lat' dir='ltr'>qua</span> <span class='ocrx_word' id='word_1_224' title='bbox 1019 3361 1172 3440; x_wconf 73' lang='lat' dir='ltr'>procelle·</span> <span class='ocrx_word' id='word_1_225' title='bbox 1239 3377 1243 3387; x_wconf 94' lang='grc'><strong><em>·</em></strong></span> 
     </span>
     <span class='ocr_line' id='line_1_30' title="bbox 145 3456 1172 3542; baseline 0.004 -25"><span class='ocrx_word' id='word_1_226' title='bbox 145 3456 315 3518; x_wconf 83' lang='lat' dir='ltr'>interdum</span> <span class='ocrx_word' id='word_1_227' title='bbox 342 3478 461 3536; x_wconf 78' lang='lat' dir='ltr'>magno</span> <span class='ocrx_word' id='word_1_228' title='bbox 493 3456 639 3540; x_wconf 78' lang='lat' dir='ltr'>qrraestta</span> <span class='ocrx_word' id='word_1_229' title='bbox 678 3461 743 3521; x_wconf 85' lang='lat' dir='ltr'>sum</span> <span class='ocrx_word' id='word_1_230' title='bbox 759 3476 878 3542; x_wconf 79' lang='lat' dir='ltr'>tempus</span> <span class='ocrx_word' id='word_1_231' title='bbox 893 3457 953 3521; x_wconf 82' lang='lat' dir='ltr'>effe</span> <span class='ocrx_word' id='word_1_232' title='bbox 968 3460 1058 3536; x_wconf 87' lang='lat' dir='ltr'>solet,</span> <span class='ocrx_word' id='word_1_233' title='bbox 1088 3463 1172 3537; x_wconf 80' lang='lat' dir='ltr'>(auc-</span> 
     </span>
     <span class='ocr_line' id='line_1_31' title="bbox 144 3559 1171 3640; baseline 0.005 -22"><span class='ocrx_word' id='word_1_234' title='bbox 144 3559 263 3618; x_wconf 86' lang='lat' dir='ltr'>Iabore</span> <span class='ocrx_word' id='word_1_235' title='bbox 281 3593 325 3607; x_wconf 89' lang='lat'>—</span> <span class='ocrx_word' id='word_1_236' title='bbox 344 3560 417 3619; x_wconf 82' lang='lat' dir='ltr'>Aur</span> <span class='ocrx_word' id='word_1_237' title='bbox 427 3559 537 3638; x_wconf 85' lang='lat' dir='ltr'>subiti</span> <span class='ocrx_word' id='word_1_238' title='bbox 549 3562 638 3640; x_wconf 82' lang='lat' dir='ltr'>peri·</span> <span class='ocrx_word' id='word_1_239' title='bbox 680 3579 786 3623; x_wconf 88' lang='lat' dir='ltr'>tumno</span> <span class='ocrx_word' id='word_1_240' title='bbox 803 3578 835 3622; x_wconf 89' lang='lat' dir='ltr'>et</span> <span class='ocrx_word' id='word_1_241' title='bbox 850 3583 921 3624; x_wconf 86' lang='lat' dir='ltr'>vere</span> <span class='ocrx_word' id='word_1_242' title='bbox 936 3560 975 3621; x_wconf 82' lang='lat' dir='ltr'>vs.</span> <span class='ocrx_word' id='word_1_243' title='bbox 991 3563 1171 3625; x_wconf 74' lang='lat'>511-515.</span> 
     </span>
     <span class='ocr_line' id='line_1_32' title="bbox 147 3661 1173 3763; baseline 0.003 -43"><span class='ocrx_word' id='word_1_244' title='bbox 147 3673 245 3730; x_wconf 74' lang='lat' dir='ltr'>munt</span> <span class='ocrx_word' id='word_1_245' title='bbox 284 3661 404 3719; x_wconf 77' lang='lat' dir='ltr'>imbres</span> <span class='ocrx_word' id='word_1_246' title='bbox 443 3661 639 3763; x_wconf 67' lang='lat' dir='ltr'>gelidtpequo</span> <span class='ocrx_word' id='word_1_247' title='bbox 678 3683 745 3725; x_wconf 88' lang='lat' dir='ltr'>nou</span> <span class='ocrx_word' id='word_1_248' title='bbox 766 3684 845 3745; x_wconf 83' lang='lat' dir='ltr'>quae</span> <span class='ocrx_word' id='word_1_249' title='bbox 868 3661 978 3739; x_wconf 77' lang='lat' dir='ltr'>nostra</span> <span class='ocrx_word' id='word_1_250' title='bbox 996 3663 1100 3723; x_wconf 75' lang='lat' dir='ltr'>hiems</span> <span class='ocrx_word' id='word_1_251' title='bbox 1127 3663 1173 3723; x_wconf 86' lang='lat' dir='ltr'>di·</span> 
     </span>
     <span class='ocr_line' id='line_1_33' title="bbox 146 3751 1170 3845; baseline 0.002 -25"><span class='ocrx_word' id='word_1_252' title='bbox 146 3765 283 3835; x_wconf 83' lang='lat' dir='ltr'>ruinae,</span> <span class='ocrx_word' id='word_1_253' title='bbox 320 3762 505 3845; x_wconf 82' lang='lat' dir='ltr'>Flabraque</span> <span class='ocrx_word' id='word_1_254' title='bbox 525 3778 639 3822; x_wconf 81' lang='lat' dir='ltr'>vento-</span> <span class='ocrx_word' id='word_1_255' title='bbox 682 3769 770 3844; x_wconf 87' lang='lat' dir='ltr'>citur)</span> <span class='ocrx_word' id='word_1_256' title='bbox 788 3780 855 3825; x_wconf 88' lang='lat' dir='ltr'>orta</span> <span class='ocrx_word' id='word_1_257' title='bbox 869 3751 992 3845; x_wconf 76' lang='lat' dir='ltr'>ferret,</span> <span class='ocrx_word' id='word_1_258' title='bbox 1013 3763 1170 3844; x_wconf 88' lang='lat' dir='ltr'>diriperet,</span> 
     </span>
    </p>
   </div>
   <div class='ocr_carea' id='block_1_7' title="bbox 147 3864 1271 3949">
    <p class='ocr_par' dir='ltr' id='par_1_7' title="bbox 147 3864 1271 3949">
     <span class='ocr_line' id='line_1_34' title="bbox 147 3864 1271 3949; baseline 0.003 -27"><span class='ocrx_word' id='word_1_259' title='bbox 147 3886 224 3927; x_wconf 78' lang='lat' dir='ltr'>rum</span> <span class='ocrx_word' id='word_1_260' title='bbox 242 3864 388 3923; x_wconf 85' lang='lat' dir='ltr'>violento</span> <span class='ocrx_word' id='word_1_261' title='bbox 411 3865 543 3925; x_wconf 83' lang='lat' dir='ltr'>turbine</span> <span class='ocrx_word' id='word_1_262' title='bbox 566 3886 639 3924; x_wconf 80' lang='lat' dir='ltr'>ver·</span> <span class='ocrx_word' id='word_1_263' title='bbox 681 3865 813 3948; x_wconf 78' lang='lat' dir='ltr'>stipulas,</span> <span class='ocrx_word' id='word_1_264' title='bbox 842 3889 934 3949; x_wconf 86' lang='lat' dir='ltr'>quam</span> <span class='ocrx_word' id='word_1_265' title='bbox 957 3887 1042 3926; x_wconf 89' lang='lat' dir='ltr'>nunc</span> <span class='ocrx_word' id='word_1_266' title='bbox 1069 3864 1172 3932; x_wconf 78' lang='lat' dir='ltr'>media</span> <span class='ocrx_word' id='word_1_267' title='bbox 1269 3905 1271 3909; x_wconf 32' lang='grc' dir='ltr'><em>ν</em></span> 
     </span>
    </p>
   </div>
   <div class='ocr_carea' id='block_1_8' title="bbox 133 3963 1172 4258">
    <p class='ocr_par' dir='ltr' id='par_1_8' title="bbox 133 3963 1172 4258">
     <span class='ocr_line' id='line_1_35' title="bbox 133 3963 1172 4048; baseline -0.014 -11"><span class='ocrx_word' id='word_1_268' title='bbox 133 3967 243 4045; x_wconf 64' lang='lat' dir='ltr'>sant?</span> <span class='ocrx_word' id='word_1_269' title='bbox 263 3965 315 4031; x_wconf 85' lang='lat' dir='ltr'>seu</span> <span class='ocrx_word' id='word_1_270' title='bbox 328 3967 434 4028; x_wconf 84' lang='lat' dir='ltr'>melius</span> <span class='ocrx_word' id='word_1_271' title='bbox 448 3982 640 4048; x_wconf 56' lang='lat' dir='ltr'>vexarem</span> <span class='ocrx_word' id='word_1_272' title='bbox 683 3967 793 4032; x_wconf 87' lang='lat' dir='ltr'>aestate</span> <span class='ocrx_word' id='word_1_273' title='bbox 816 3969 959 4030; x_wconf 75' lang='lat' dir='ltr'>radicitus</span> <span class='ocrx_word' id='word_1_274' title='bbox 981 3963 1080 4028; x_wconf 79' lang='lat' dir='ltr'>aristas</span> <span class='ocrx_word' id='word_1_275' title='bbox 1102 3964 1172 4024; x_wconf 78' lang='lat' dir='ltr'>fert.</span> 
     </span>
     <span class='ocr_line' id='line_1_36' title="bbox 145 4068 1171 4152; baseline -0.005 -26"><span class='ocrx_word' id='word_1_276' title='bbox 145 4069 199 4127; x_wconf 81' lang='lat' dir='ltr'>alii</span> <span class='ocrx_word' id='word_1_277' title='bbox 233 4068 351 4150; x_wconf 85' lang='lat' dir='ltr'>legunt.</span> <span class='ocrx_word' id='word_1_278' title='bbox 426 4070 528 4152; x_wconf 85' lang='lat' dir='ltr'>Atque</span> <span class='ocrx_word' id='word_1_279' title='bbox 563 4069 640 4132; x_wconf 86' lang='lat' dir='ltr'>haec</span> <span class='ocrx_word' id='word_1_280' title='bbox 681 4072 719 4135; x_wconf 83' lang='lat' dir='ltr'>ln</span> <span class='ocrx_word' id='word_1_281' title='bbox 751 4070 809 4132; x_wconf 83' lang='lat' dir='ltr'>hac</span> <span class='ocrx_word' id='word_1_282' title='bbox 835 4071 958 4132; x_wconf 87' lang='lat' dir='ltr'>demum</span> <span class='ocrx_word' id='word_1_283' title='bbox 991 4073 1171 4147; x_wconf 79' lang='lat' dir='ltr'>interpreta-</span> 
     </span>
     <span class='ocr_line' id='line_1_37' title="bbox 145 4166 1172 4258; baseline -0.019 -12"><span class='ocrx_word' id='word_1_284' title='bbox 145 4184 253 4244; x_wconf 84' lang='lat' dir='ltr'>erant,</span> <span class='ocrx_word' id='word_1_285' title='bbox 284 4191 364 4254; x_wconf 85' lang='lat' dir='ltr'>quae</span> <span class='ocrx_word' id='word_1_286' title='bbox 386 4192 437 4234; x_wconf 89' lang='lat' dir='ltr'>me</span> <span class='ocrx_word' id='word_1_287' title='bbox 460 4173 534 4236; x_wconf 88' lang='lat' dir='ltr'>olim</span> <span class='ocrx_word' id='word_1_288' title='bbox 553 4176 587 4235; x_wconf 91' lang='lat' dir='ltr'>in</span> <span class='ocrx_word' id='word_1_289' title='bbox 608 4172 639 4235; x_wconf 88' lang='lat' dir='ltr'>h.</span> <span class='ocrx_word' id='word_1_290' title='bbox 682 4177 767 4237; x_wconf 90' lang='lat' dir='ltr'>tione</span> <span class='ocrx_word' id='word_1_291' title='bbox 782 4172 970 4258; x_wconf 86' lang='lat' dir='ltr'>acquiescere</span> <span class='ocrx_word' id='word_1_292' title='bbox 982 4169 1064 4231; x_wconf 74' lang='lat' dir='ltr'>licea</span> <span class='ocrx_word' id='word_1_293' title='bbox 1088 4166 1172 4229; x_wconf 81' lang='lat' dir='ltr'>Con·</span> 
     </span>
    </p>
   </div>
   <div class='ocr_carea' id='block_1_9' title="bbox 0 0 1350 4914">
    <p class='ocr_par' dir='ltr' id='par_1_9' title="bbox 0 0 1350 4914">
     <span class='ocr_line' id='line_1_38' title="bbox 0 0 1350 4914; baseline 0 1"><span class='ocrx_word' id='word_1_294' title='bbox 0 0 1350 4914; x_wconf 95' lang='lat' dir='ltr'> </span> 
     </span>
    </p>
   </div>
  </div>
 </body>
</html>
