2700 4906
152 301 500 449 onouorc'ou
525 341 626 410 me.
646 290 946 455 runo-421
1023 339 1099 439 739

67 522 174 600 Exeli
199 525 317 600 latere
334 527 373 597 in
397 528 553 614 montis,
587 550 664 625 quo
686 525 844 624 plurima
867 545 980 601 vento

67 663 226 762 Cogitur
239 663 354 760 inque
366 657 463 732 finus
475 656 603 732 scindit
617 655 688 734 sese
703 659 799 731 vnda
813 659 1005 752 reductum
1023 669 1098 747 42⁰

64 790 269 896 Deprenfis
302 793 393 866 olim
416 791 522 866 statio
548 790 719 866 tutissima
744 799 883 887 nautis3

94 994 97 999 ·
147 978 305 1048 4191amt
329 972 456 1031 Rottetul.
508 983 540 1029 tn
566 975 637 1029 eboli
665 965 797 1030 (Medic.
825 989 894 1029 em.
916 990 957 1050 pr.
977 990 1004 1034 et
1022 981 1096 1038 Toll.

64 1070 120 1130 420
136 1061 231 1115 Versus
252 1063 347 1126 iidem,
369 1058 412 1115 led
433 1062 536 1122 variati,
556 1063 726 1122 Aen.1,160.
745 1067 789 1117 161
827 1064 925 1134 quibus
950 1075 1040 1120 omnir
1059 1070 1097 1121 ab

64 1151 128 1201 alto
153 1149 320 1218 Frangitur,
366 1156 452 1220 inque
482 1146 564 1217 finus
592 1145 706 1217 scirtdtt
737 1146 804 1217 sese
839 1148 923 1201 unda
954 1151 1095 1208 reductor.

61 1243 114 1301 4²¹
138 1232 279 1304 Depreffir
294 1235 362 1287 Ven.
383 1249 408 1286 et
423 1232 574 1303 cantabrig.
616 1229 774 1303 grutiffima
787 1230 858 1285 Toll.
872 1249 897 1287 vt
917 1237 982 1288 Aen.
994 1238 1028 1299 V,
1048 1242 1098 1294 128

64 1325 173 1389 apricis
181 1319 276 1389 statio
292 1317 450 1391 gratifftma
464 1325 574 1390 mergit.
606 1317 700 1389 statio
714 1315 855 1388 fidrffima
871 1319 954 1374 Goth.
967 1341 1017 1396 pn,
1041 1343 1099 1378 non

64 1403 152 1469 melu
178 1420 205 1458 vt
218 1404 413 1475 contristatio
433 1406 509 1457 male
520 1402 590 1475 fida
610 1405 792 1456 earinuden.
804 1405 892 1466 11,23.

62 1557 176 1642 posuit.
249 1561 395 1636 Alienum
436 1564 559 1643 itaque,
602 1549 764 1643 ἔμβροτος,
789 1553 961 1644 ἀμβρόσιος.
1012 1566 1098 1648 Qun-

65 1662 155 1746 quod
171 1662 295 1724 Seruius
312 1661 423 1724 hebete
452 1666 561 1734 „vnxit
602 1675 690 1721 tenus
706 1665 783 1721 vires
797 1666 951 1742 impertit,
974 1675 1097 1748 pectori

64 1776 159 1837 eum,
182 1785 247 1847 quo
265 1762 439 1846 poffetesse
455 1765 561 1825 viden·
600 1762 733 1822 infusum
763 1764 839 1823 illud
864 1763 924 1826 cibi
947 1787 1097 1852 neporus

64 1861 99 1926 di
133 1871 267 1928 numinis
301 1887 402 1949 capax.
412 1874 435 1905 “
496 1863 561 1926 Nili
603 1864 757 1925 delectum
798 1867 900 1947 explet
942 1869 1028 1933 Iliad.
1065 1897 1096 1950 r,

65 1989 138 2028 cum
175 1973 240 2029 viro
276 1968 370 2030 docto
406 1989 455 2050 ep.
485 1969 561 2028 Bur·
603 1958 788 2045 347—353
818 1969 857 2030 de
884 1969 1017 2046 Achille;
1052 1980 1098 2038 ite

62 2089 172 2130 menn.
189 2070 288 2152 legest
310 2073 472 2134 vinciendi.
493 2073 561 2132 Nec
603 2068 729 2150 demum
759 2091 819 2150 pro
849 2071 919 2134 cibo
949 2096 985 2136 ec
1017 2094 1099 2160 potu

63 2173 107 2234 de
129 2193 168 2234 eo
190 2169 358 2234 ambrosiae
380 2173 431 2233 vsu
450 2178 560 2255 egitur,
604 2171 732 2232 deorum
744 2179 908 2234 memorari
921 2181 1034 2258 potuit.

64 2296 132 2360 quo
165 2277 203 2335 ad
236 2275 397 2336 ferendum
427 2281 561 2337 numinis
664 2276 728 2352 418
750 2272 814 2357 sqq.
850 2275 901 2337 Est
921 2294 1043 2339 antrum
1063 2285 1099 2345 in
1150 2258 1156 2273 ι

64 2376 264 2459 conspectum
296 2375 410 2437 firmari
442 2381 562 2438 iuuenis
604 2396 682 2455 rupe
704 2376 808 2450 exesa,
846 2400 909 2461 quo
930 2382 1099 2464 plurimum

66 2478 200 2553 debeat,
228 2493 280 2538 out
299 2494 332 2539 vt
353 2494 429 2540 nota
452 2481 577 2541 diuini·
605 2479 723 2552 vndae,
746 2480 912 2557 vndarum,
939 2502 1100 2565 penetrut;

65 2585 140 2643 tatis
168 2586 198 2642 ei
225 2584 435 2660 impertiatur,
478 2583 563 2667 quod
603 2576 672 2652 sed,
701 2577 864 2665 postquam
883 2589 1027 2662 intrauit,
1063 2593 1098 2652 in
1143 2637 1146 2644 .

66 2685 172 2745 Cerdo
204 2682 346 2744 volebat:
394 2688 466 2767 quia
500 2705 564 2743 am-
603 2681 708 2761 plures
723 2679 814 2758 linus,
833 2682 863 2750 h,
881 2691 1027 2749 cauitater
1043 2710 1099 2750 un·

64 2783 186 2849 brofiee
207 2785 304 2847 odoro
321 2768 428 2847 Venus
446 2806 563 2848 numen
604 2787 644 2843 tri
667 2798 698 2844 et
726 2783 857 2846 recellus
885 2787 1029 2873 dispergit
1055 2789 1097 2865 se,

63 2891 173 2972 prodit
193 2889 271 2949 Aen.
291 2889 323 2959 1,
343 2891 417 2967 403.
466 2890 564 2949 Poeta
605 2886 758 2968 adeoque,
781 2886 911 2964 scindit
921 2891 1008 2968 sese.
1050 2892 1099 2954 Ita

68 2997 172 3065 enim,
195 3006 229 3052 vt
242 2991 314 3062 dixi,
340 3010 406 3051 rem
427 2988 490 3071 ipse
512 2975 563 3052 eir·
603 2987 707 3046 malim
731 2992 937 3070 interpretari,
965 2981 1098 3074 quiade

66 3095 165 3176 pedit.
220 3093 346 3176 Alioqui
372 3113 478 3153 verum
508 3091 561 3168 est,
604 3089 696 3170 specu
713 3095 820 3172 egitur.
862 3091 1010 3176 Alioquin
1030 3101 1105 3159 non'

36 3191 256 3269 ambrosiae,
315 3209 473 3276 tamquam
507 3218 563 3258 vn·
605 3192 750 3252 damnem
763 3194 844 3253 illem
862 3203 1030 3272 rationem,
1060 3220 1099 3260 ex

65 3301 186 3383 guenti,
203 3296 285 3357 vsum
300 3303 465 3358 memorari
480 3296 564 3358 haud
606 3317 667 3377 qua
679 3294 773 3372 smus
792 3296 923 3357 reducti
935 3297 1097 3376 fluctuum,
1116 3320 1122 3338 ·

65 3421 174 3462 vnum.
208 3395 403 3469 Estincultu
419 3401 563 3470 demumr
606 3397 757 3458 allisomm
775 3396 919 3481 scopulis,
948 3417 981 3462 et
999 3402 1097 3486 longo

65 3502 307 3585 pulcritudinem
354 3517 386 3562 et
433 3508 562 3586 gratiam
606 3515 702 3559 tractu
720 3502 941 3577 recedentium,
968 3510 1099 3568 emitote

66 3601 217 3673 offundit:
242 3619 308 3664 tum
327 3624 445 3665 numen
465 3604 562 3687 ipsum
605 3605 686 3662 intus
713 3603 818 3663 relicta
824 3646 835 3678 ,
876 3605 1098 3690 intelliguntur.

68 3723 123 3768 eut
136 3708 272 3767 diuinam
286 3723 426 3768 naturam
441 3712 565 3790 corpori
605 3704 702 3764 Iidem
734 3705 799 3766 iere
828 3705 929 3769 versus
963 3713 1041 3772 Aen.
1070 3711 1097 3788 1,

67 3810 231 3883 conciliet,
272 3813 411 3890 inprimis
439 3815 565 3871 immor·
609 3811 768 3871 160.161.

67 3912 238 3988 talitntem3
259 3910 361 3973 saltem
383 3927 416 3972 vt
434 3932 475 3974 ne
497 3934 565 3973 cor·
648 3918 720 3987 421.
738 3917 810 3988 422.
839 3911 925 3973 Haec
943 3915 986 3973 ita
1006 3913 1097 3975 intel-

67 4017 172 4095 mmpi
207 4013 283 4073 illud
320 4034 354 4074 uc
390 4013 564 4094 putrescere
605 4012 685 4094 ligo,
715 4029 747 4073 vt
766 4019 919 4076 anteriore
939 4013 1028 4078 huius
1048 4036 1098 4078 re·

67 4112 179 4198 poffit;
209 4115 344 4187 iliada,
363 4118 434 4194 670.
463 4141 494 4186 r,
510 4119 563 4190 38,
607 4113 700 4175 celius
718 4117 818 4200 (Bay)
843 4131 940 4195 perte,
968 4133 1097 4198 petente

67 4215 165 4284 dueta
191 4213 269 4280 haec
296 4237 334 4279 ex
360 4218 426 4302 ipso
459 4233 563 4303 etymo
606 4217 746 4294 subdio,
779 4223 905 4281 nauium
924 4219 1030 4294 statio,
1063 4225 1098 4283 in
