2692 4914
155 296 955 390 onono1conn1n.1v‚sss-355
1045 305 1120 404 725

64 491 211 562 Luctus
232 482 402 577 Aristaei,
436 487 638 584 vitreisque
661 480 833 559 sedilibus
855 511 987 561 omnes
1039 489 1116 565 350

67 619 327 719 Obstupuere3
375 617 440 693 sed
464 637 551 691 ante
574 617 663 691 alias
693 617 871 693 Arethusa
900 617 1044 696 sorores

62 752 320 856 Prospiciens,
365 751 505 826 summa
525 752 666 827 llauum
688 772 801 854 caput
819 752 952 828 extulit
972 756 1082 831 rndn.

62 892 116 963 Et
138 886 292 988 procul:
329 888 365 960 Ο
382 891 523 985 gemitu
545 913 625 962 non
644 885 775 961 frustra
797 893 972 963 exterrita
991 909 1111 987 tanto,

64 1025 218 1116 Cyrene
243 1019 363 1111 soror,
407 1018 483 1119 iple
503 1021 586 1114 tibi,
634 1039 699 1094 tna
723 1027 885 1094 maxima
906 1050 1007 1118 eura,

60 1154 195 1230 Tristis
218 1151 404 1228 Aristaeus
428 1156 546 1230 Penei
568 1160 748 1255 genitoris
778 1157 826 1230 ad
846 1158 985 1231 rndam
1035 1160 1111 1236 355

136 1333 187 1387 350
206 1340 361 1412 vitreisque
379 1341 410 1387 in
426 1333 549 1405 fidibus
577 1335 642 1388 alter
661 1334 788 1389 Rottsnd.
834 1344 935 1393 vitreis
953 1358 1066 1413 quoque
1076 1342 1108 1413 s

58 1417 133 1490 Reg.
147 1419 255 1472 Marsin.
296 1427 397 1473 vitreis
417 1421 484 1474 binis
505 1419 615 1491 syllabis.
651 1440 747 1474 amnes
763 1419 862 1475 Medic.
946 1426 1109 1497 55105]ἰί-

56 1522 153 1573 pnere
170 1505 250 1556 Rom.
265 1504 363 1557 Medic.
379 1524 438 1558 cum
454 1504 510 1558 eliis
527 1505 692 1567 melioribus,
714 1522 740 1560 vt
751 1506 846 1567 toties,
864 1509 968 1578 quoties
986 1511 1108 1567 vidimus.

57 1589 118 1644 352
136 1590 250 1659 flauum
271 1586 373 1641 dudum
392 1587 493 1643 editum
510 1578 683 1661 i‘Naugeno
704 1607 731 1644 et
759 1589 791 1642 sb
811 1591 923 1662 Egnatio
950 1610 976 1649 et
997 1597 1061 1650 hinc
1080 1599 1110 1651 in

56 1672 151 1744 vnlgg.
177 1673 292 1727 firmauit
312 1674 401 1727 Heius.
424 1674 612 1747 ascriptarum
641 1677 762 1728 omnium
786 1695 847 1728 cum
866 1678 982 1731 Roman.
1004 1696 1031 1734 et
1049 1683 1109 1736 Me·

55 1755 117 1810 dic.
138 1757 270 1812 consensu.
305 1758 383 1813 Aldd.
399 1779 439 1830 pr.
459 1775 484 1814 et
505 1759 553 1812 sec.
576 1775 602 1813 es
615 1759 679 1813 hinc
701 1760 766 1813 alise
783 1761 927 1815 nonnullae
946 1766 1108 1835 placidum,

56 1843 205 1915 repetitum
228 1864 259 1898 ex
271 1847 334 1896 Aen.
351 1846 371 1907 Ι,
383 1863 439 1914 ¹27·
460 1844 531 1898 conl.
547 1844 601 1916 lup.
617 1865 640 1897 v.
655 1847 714 1916 3¹9·
741 1847 910 1917 summaque
918 1847 1005 1918 suum
1023 1860 1109 1920 capnt

55 1927 141 1983 Leid.
209 1929 260 1984 555
277 1931 315 1982 Et
334 1932 450 2000 procul,
477 1945 507 1983 at
521 1939 628 2001 gemitu
646 1929 721 1982 Leid.
761 1935 858 2002 Atque
880 1936 984 2001 procul
1000 1945 1108 2009 gemitis

56 2013 211 2066 Zulicltem.
290 2015 341 2070 555
360 2017 450 2069 Penes·
475 2023 622 2088 genitoris.
668 2013 799 2069 Vitiolsm
827 2015 966 2068 lectionem
992 2034 1107 2074 metrum

56 2097 168 2172 prodit,
206 2096 280 2171 quod
300 2097 473 2171 lsgscillimus
492 2100 569 2153 metri
589 2113 707 2161 exactor,
744 2102 784 2152 lo.
807 2099 960 2162 Schrader„
1001 2106 1107 2162 monuit

55 2183 213 2238 Emendstt.
228 2183 309 2252 prasi.
330 2186 443 2257 plle.
476 2184 520 2239 Est
539 2186 610 2238 enim
630 2187 756 2248 Πηνειοῦ·
795 2201 827 2238 ex
842 2205 895 2257 quo
909 2202 1045 2257 poetarum
1061 2188 1107 2244 rin

56 2268 223 2340 trisyllabum
235 2269 328 2321 Latine
343 2269 388 2332 lit,
409 2287 434 2324 vt
448 2290 480 2324 ex
494 2275 593 2326 Aisslov
605 2274 732 2324 Aeneae.
758 2270 819 2324 Nec
832 2270 880 2324 nili
892 2270 996 2325 seriores
1010 2290 1107 2343 poetas

56 2355 90 2408 in
110 2355 152 2407 his
173 2352 292 2407 licentius
307 2353 448 2416 versantem
480 2355 538 2408 vids
554 2375 577 2406 v.
593 2375 616 2408 c.
638 2355 775 2408 Sammon.
795 2371 822 2409 et
839 2357 874 2409 ibi
888 2374 1017 2426 nuperum
1031 2357 1104 2414 doct.

56 2439 192 2494 editorem
205 2440 378 2492 Aclrermsnn.
395 2459 454 2511 psg.
469 2442 511 2494 23.
547 2438 633 2494 Multa
648 2441 756 2512 quidem
772 2440 804 2491 ad
820 2439 973 2493 diluendam
990 2441 1105 2497 trullam
1219 2479 1227 2491 .

53 2540 159 2598 poetae
175 2525 262 2578 attulit
275 2524 392 2578 Ouwens
409 2526 491 2578 Noct.
508 2526 575 2596 Hsg.
592 2544 618 2598 p.
636 2527 686 2594 607
701 2524 738 2598 lq.
762 2524 832 2578 conl.
851 2545 877 2596 p.
896 2529 956 2580 285.
998 2528 1044 2592 <si
1059 2528 1105 2581 de·

54 2608 169 2664 fondere
189 2609 297 2671 vellem,
326 2609 449 2682 equidem
468 2609 602 2662 laudarem
617 2611 793 2662 Horesinnum
815 2612 949 2680 Pompei,
978 2629 1105 2665 meorum

52 2704 152 2765 prime
160 2695 312 2766 sodalium
334 2696 423 2748 Csrm.
446 2697 478 2756 ll,
497 2713 520 2764 7,
538 2698 580 2759 5.)
614 2695 671 2747 Alit
692 2695 772 2768 petits
791 2692 849 2745 lunt
869 2713 899 2746 ex
923 2693 1105 2751 obseruatione

55 2781 174 2834 eliorum
197 2780 223 2832 in
241 2799 269 2833 rs
290 2781 412 2842 metrice,
453 2799 520 2851 quse
540 2794 567 2833 et
587 2779 640 2851 ipss
662 2798 677 2831 s
698 2778 793 2849 regulis
812 2778 954 2840 recedunt;
993 2779 1047 2833 hoc
1065 2779 1105 2838 est

54 2864 168 2936 culpem
189 2863 266 2939 culpa
286 2863 442 2926 dissoluere;
470 2864 521 2918 slis
545 2865 603 2918 lunt
625 2863 732 2916 diuerls.
769 2863 797 2916 Si
816 2880 840 2914 v.
861 2881 884 2915 0.
908 2879 986 2934 vtsp.
1001 2864 1103 2919 Nemo-

52 2947 117 3006 fisn
139 2951 237 3023 Cyneg.
258 2969 308 3020 272
353 2952 441 3003 Nerei
460 2952 572 3004 occurrit
598 2949 779 3020 dissyllabum
825 2943 862 3000 est
882 2947 936 3000 hoe
954 2966 970 2999 s
991 2953 1103 3020 Nuptiis,

53 3040 181 3105 quius,
204 3036 272 3088 vnde
289 3036 425 3104 Numidis,
443 3038 578 3106 quniirs.
616 3035 659 3086 De
672 3032 786 3088 Belides
800 3031 870 3084 conf.
886 3033 918 3083 sd
932 3035 996 3085 Aen.
1012 3035 1046 3097 lt,
1056 3037 1100 3088 82.

53 3122 138 3174 Vnus
158 3118 219 3174 elles
247 3121 343 3174 modus
366 3123 456 3174 Penei
476 3118 642 3191 dissyllabum
664 3116 837 3179 defendendi,
866 3115 1016 3180 lidixeris,
1050 3139 1101 3191 pro

55 3207 174 3269 ssnsrads
195 3205 295 3258 dictum
313 3225 420 3278 quoque
440 3205 490 3259 ello
511 3207 625 3271 Πηιιδς,
651 3221 677 3258 vt
691 3202 792 3256 totalis
806 3202 834 3254 in
847 3213 912 3257 nos·
946 3220 969 3255 r.
991 3221 1014 3254 c.
1036 3209 1103 3259 rsti-

53 3315 134 3365 ςιοι,
164 3288 272 3344 Heliod.
286 3283 338 3344 'Sc.
363 3292 442 3345 Herc.
467 3301 523 3359 104,
548 3305 575 3343 et
595 3289 731 3342 communi
751 3287 794 3340 riu
814 3286 879 3348 slis,
919 3300 947 3340 rt
965 3287 1100 3359 σιδήρειοι,

54 3446 220 3507 texendos.
236 3446 275 3506 cf.
290 3448 427 3508 Ouwens
443 3470 474 3529 p.
487 3452 560 3529 591.
600 3444 750 3506 Nereides
762 3440 812 3501 vel
820 3441 994 3503 Oceanides
1012 3443 1102 3506 fuisso

52 3551 135 3613 350.
162 3549 301 3620 Luctus,
342 3552 497 3632 querelae.
529 3572 558 3611 v.
600 3548 732 3628 intelligi
753 3539 888 3623 poliunt.
941 3547 1016 3608 555.
1040 3547 1103 3605 Pe.

52 3652 124 3715 353
159 3654 310 3728 gemitus.
373 3657 483 3712 vitrea
502 3653 560 3729 se·
600 3652 656 3707 nei
671 3647 832 3724 genitoris
847 3646 993 3728 Cyrenes.
1037 3648 1101 3709 Sed

53 3749 146 3812 dilia
170 3773 255 3812 nunc
277 3758 404 3834 proprie
427 3776 444 3814 e
467 3759 557 3827 vitro,
600 3763 785 3831 perpetuum
821 3768 1007 3830 magnorum
1040 3749 1101 3808 llu-

51 3853 142 3917 fiiis
159 3853 269 3934 placet.
312 3857 389 3916 Mox
400 3857 559 3934 sorores:
601 3856 737 3918 riorum,
756 3863 866 3930 pater,
884 3851 1037 3928 genitors
1065 3865 1100 3910 es

52 3977 127 4019 non
169 3956 242 4015 licet
284 3961 375 4018 nimis
420 3958 559 4020 seuerum
602 3956 738 4037 Cyrenes
767 3970 880 4031 parens
911 3951 983 4009 elias
1013 3951 1101 4034 Hyp-

53 4056 138 4127 elie;
169 4073 265 4139 poeta
294 4057 397 4120 dixille
426 4062 558 4133 videtur,
601 4055 684 4127 leus,
720 4058 811 4113 etiarn
843 4071 893 4132 np.
921 4051 1097 4112 Pindarum.

57 4176 215 4246 qnatenus
251 4183 359 4223 omnes
394 4162 559 4247 Nymphae
600 4161 740 4220 Peneum
762 4172 868 4217 tamen
883 4149 1099 4238 agnoscitlly-

100 4262 234 4325 Tornl
647 4261 767 4320 0000
