2692 4914
187 327 192 335 '
233 274 883 420 sicvnnrrrmnons
976 364 1137 433 mu,

58 541 157 616 leun
177 565 250 643 pro
272 540 409 632 laeuis,
441 565 589 614 caecus.
652 537 713 613 Ad
733 541 927 619 meliorem
945 565 1093 620 morem

56 680 238 752 reuocaui
255 675 466 776 saeptum,
484 672 652 778 saepstt,
669 674 894 773 saeculum,
907 677 1089 773 frenum,
1111 743 1114 749 .

49 810 216 908 sentina·
234 828 273 885 et
285 810 398 907 fetus
414 833 437 882 a
448 809 540 906 feo,
562 809 700 889 letum,
726 807 931 909 obscenus,
953 811 1086 910 cestus,

58 966 93 1020 et
103 944 247 1019 forman
259 940 458 1017 nonnullas
471 947 719 1043 antiquiores,
740 962 778 1016 vt
791 949 873 1017 tris.
925 947 1089 1046 Scriptu-

57 1104 133 1153 ram
151 1081 277 1180 quarti
298 1074 418 1167 calna
455 1081 663 1152 iseteiset
685 1102 723 1151 es
742 1077 817 1151 vidi
837 1074 909 1155 elle
931 1097 1008 1153 tarn
1031 1086 1089 1155 in·

60 1232 213 1311 certam,
240 1232 279 1288 vt
299 1213 442 1288 nollem
466 1214 667 1313 quicquam
680 1217 721 1287 in
743 1238 788 1289 ea
806 1237 973 1290 mouera
1013 1216 1088 1291 Ve-

59 1374 136 1420 rum
158 1347 279 1448 pudet
299 1353 341 1421 in
363 1347 420 1421 his
446 1371 601 1446 operam
623 1347 857 1442 consumore;
902 1373 1001 1452 quae
1020 1375 1087 1452 ap-

62 1481 174 1585 posui,
201 1507 248 1558 ea
269 1482 318 1558 de
340 1478 462 1558 caulla
484 1481 673 1555 monenda
687 1481 811 1574 fuere,
834 1502 872 1556 vt
890 1507 937 1558 ax
956 1483 1085 1561 cauffis

65 1637 97 1692 et
109 1615 314 1692 rationibus
335 1617 430 1691 haec
454 1615 659 1691 diiudicare
679 1615 818 1692 dilcant
838 1613 1002 1710 studioll,
1027 1623 1085 1692 in-

64 1754 313 1855 telligantque‚
358 1774 439 1824 non
464 1754 620 1824 omnino
644 1775 688 1824 ea
715 1748 788 1826 elle
810 1754 1085 1829 contemnenda

63 1915 125 1966 nec
145 1909 276 1962 tamen
294 1898 525 1984 magnopere
553 1884 864 1959 commendanda.

124 2023 248 2097 Multo
269 2021 448 2120 grauioris
471 2023 653 2092 momenti
673 2046 733 2095 rea
755 2021 847 2096 mihi
869 2019 937 2097 vila
960 2020 1010 2098 est
1028 2026 1085 2098 in·

65 2159 286 2260 terpunctio:
325 2179 400 2255 qua
416 2151 615 2230 emendata
629 2154 703 2227 vidi
718 2154 887 2233 sexcenta
905 2156 990 2233 loca
1006 2184 1085 2234 me·

66 2292 126 2367 lina
144 2287 318 2367 constitui
339 2285 460 2391 polle,
486 2292 776 2390 necquicquam
788 2298 903 2394 magia
917 2291 965 2365 ab
981 2297 1085 2368 omni

67 2433 197 2500 ratione
220 2443 259 2500 et
280 2419 434 2499 confilio
456 2421 620 2496 alienum
645 2422 736 2518 elle,
763 2451 874 2527 quam
892 2431 1086 2528 interpun-
1109 2438 1114 2446 “

69 2561 165 2661 gendi
183 2565 371 2632 rationem
390 2561 431 2628 in
452 2558 722 2659 exemplaribus
741 2558 934 2662 scriptitat
952 2560 1085 2663 inple·

70 2702 176 2797 risque
197 2693 317 2768 editis.
376 2690 574 2765 Libronrm
597 2700 723 2796 itaque
745 2701 943 2772 auctoritas
965 2704 1005 2772 in
1027 2703 1083 2771 in-

71 2834 314 2931 terpunctione
334 2830 490 2900 omnino
515 2824 587 2902 effe
606 2828 727 2929 potest
744 2830 858 2904 nulla.
910 2835 990 2907 Nec
1003 2858 1082 2906 rna·

69 2969 168 3040 iorem
199 2983 325 3037 tamen
357 2985 484 3036 curam
516 2983 581 3038 aut
609 2985 749 3041 certam
786 2969 986 3056 rationem,
1032 2967 1081 3040 ad

67 3126 161 3201 quam
183 3105 509 3197 interpungerent,
550 3118 704 3174 tenuere
728 3098 901 3174 editores.
966 3101 1080 3199 Atqui

66 3237 101 3308 ad
124 3235 340 3311 sententiam
363 3229 658 3307 constituendam
680 3253 718 3309 et
749 3232 1020 3333 expediendam
1039 3238 1079 3307 in

64 3371 214 3471 plurimis
243 3369 336 3443 locis
362 3390 476 3440 omne
505 3367 683 3442 auxilium
715 3367 765 3444 est
794 3395 841 3445 ex
866 3371 1078 3468 interpunc-

64 3510 169 3598 tione3
202 3524 240 3578 vt
263 3504 379 3578 altera
403 3528 449 3576 ex
467 3520 574 3600 parte
594 3501 734 3577 sensum
754 3504 845 3577 nihil
866 3509 979 3602 magia
1003 3523 1079 3577 tur·

63 3637 115 3715 bat
144 3664 257 3743 quam
295 3661 412 3738 praua
447 3640 718 3736 interpunctio:
772 3637 1079 3739 quandoquidem

64 3772 155 3850 huius
177 3779 272 3850 ratio
295 3792 335 3850 et
357 3776 580 3875 principium
597 3773 854 3874 quaerendum
870 3770 974 3847 estin
989 3775 1076 3866 hoc,

66 3928 93 3981 rt
116 3930 240 3987 exacte
270 3907 493 4012 respondeat
523 3909 588 3983 illa
617 3913 880 3984 enuntiationis
909 3908 1077 4009 partibus

71 4068 136 4118 cum
153 4046 356 4121 maioribus
372 4064 452 4117 tunt
466 4044 691 4136 minoribus;
713 4069 790 4145 quo
809 4043 945 4118 eodem
959 4041 1075 4114 modo

74 4182 159 4254 etiam
174 4183 432 4285 pronuntiatio
454 4200 620 4282 regatur;
655 4200 693 4254 vt
711 4181 807 4256 adeo
828 4203 941 4253 vnum
959 4176 1077 4249 idern·
