2692 4914
112 417 114 420 ,
195 344 481 425 BVCOLICA
504 342 949 440 ECL.v111‚73-86
1043 371 1109 444 ¹91

60 545 153 615 Vno
186 535 405 636 eodemque
429 539 524 635 igni:
569 529 617 606 fic
636 527 761 604 nostro
783 529 952 629 Daphnis
972 557 1111 607 amore.

59 680 215 777 Sparge
235 669 395 761 molam,
432 687 471 744 et
491 667 629 769 fragilis
651 663 815 740 incende
835 662 1016 739 bitumine
1036 668 1114 740 lau·

135 810 136 813 ’
698 824 771 871 ros.

55 939 249 1041 Daphnis
267 961 332 1012 me
352 935 471 1010 mulus
495 940 584 1010 vrit:
627 959 699 1034 ego
724 931 824 1007 hanc
849 938 888 1005 in
911 933 1115 1033 Daphnide
1204 1021 1206 1027 k

701 1067 860 1142 laurum.

50 1207 219 1281 Ducite
239 1201 289 1276 ab
313 1203 405 1278 vrbe
431 1175 605 1297 domurn,
649 1228 734 1277 mea
763 1208 945 1295 carmina,
986 1204 1115 1283 ducito·

275 1323 279 1330 ’
703 1327 892 1428 Daphnin.
1097 1397 1104 1423 ,

49 1460 176 1536 Talis
200 1483 311 1532 amor
334 1457 531 1561 Daphnin,
560 1457 697 1563 qualis,
731 1487 848 1564 quum
872 1459 961 1560 iella
985 1467 1115 1535 iuuen-

703 1611 792 1660 cum
975 1650 983 1662 ,
1066 1583 1115 1657 85

51 1725 142 1795 Per
168 1739 331 1790 nemora
354 1732 468 1815 atque
489 1713 583 1790 altos
612 1716 830 1817 quaerendo
850 1715 988 1790 bucula
1009 1717 1117 1790 lucos

137 1904 181 1956 82
200 1901 300 1953 taum
319 1895 417 1952 Medic.
445 1896 515 1950 conf.
538 1897 596 1969 lup.
619 1919 643 1953 a.
668 1902 707 1954 13.
758 1920 852 1955 ramos
874 1900 950 1953 Pierii
971 1899 1119 1971 Oblonpu.

57 1992 99 2045 83
119 2008 176 2040 me
195 1986 272 2038 malo
295 1992 354 2036 vrit
378 1982 502 2036 liotteud.
525 1982 596 2038 alter.
646 1994 676 2038 in
699 1988 753 2040 leuc
773 2007 826 2060 ago
847 1987 1009 2054 Daphnide
1034 1988 1119 2041 lauru

57 2075 198 2129 amabat
217 2072 258 2124 lo.
273 2069 410 2123 Schrader.
446 2068 524 2123 Certe
542 2078 574 2122 tn
591 2072 753 2143 Daphnide
774 2073 918 2145 requiram
942 2078 982 2128 ἐπὶ
998 2077 1119 2142 Δάφνιδι,

59 2162 95 2214 h.
111 2178 139 2213 e.
174 2164 213 2213 alr
235 2156 344 2223 Δάφνιν.
379 2154 407 2207 si
426 2169 513 2207 tamen
526 2157 636 2229 Virgilio
659 2178 715 2213 non
734 2160 832 2232 placuit
850 2163 887 2213 iu
905 2157 1034 2213 scribere?
1066 2159 1119 2214 Re·

58 2244 165 2320 posuit
187 2240 299 2294 Wakol.
378 2241 413 2295 86
437 2242 499 2293 alta
519 2243 588 2297 Van.

61 2405 125 2460 aris
155 2416 295 2471 amore,
339 2395 399 2458 leil.
436 2397 582 2480 liquescat
624 2402 709 2483 quod
725 2405 836 2463 ominis
852 2401 924 2462 loco
945 2405 979 2461 in
996 2399 1052 2460 hec
1074 2421 1121 2461 ar·

62 2501 301 2581 molliaturque
353 2503 387 2559 in
445 2507 582 2563 amorem
623 2503 701 2565 bore
723 2502 951 2565 obseruabatur.
986 2503 1121 2564 Theocr.

64 2609 152 2676 mei,
180 2599 363 2661 obdurescat
382 2622 458 2662 vero
478 2618 509 2662 et
527 2602 583 2664 ob·
623 2607 644 2667 l.
660 2607 681 2669 l.
695 2628 724 2665 v.
744 2614 793 2684 ²4·
814 2627 843 2665 v.
860 2606 960 2666 Cerda
982 2605 1012 2665 h.
1033 2607 1054 2668 l.
1083 2605 1122 2671 cf.

66 2708 224 2768 firmemr
247 2708 350 2766 animo
379 2704 420 2764 ad
444 2701 583 2766 constan·
625 2707 1001 2779 Tibull.11,5‚81.85.
1044 2707 1121 2766 Mox

66 2816 155 2869 riam
176 2810 299 2864 amoris.
626 2813 722 2873 831'12
736 2807 932 2889 Daphnide,
963 2808 1014 2868 dal
1035 2802 1121 2884 Δάφ-

117 2914 181 2974 82·
219 2907 311 2967 Aliud
339 2904 476 2968 venefica
500 2927 584 2968 nunc
627 2913 696 2983 νιδι,
732 2916 764 2969 in
780 2908 997 2989 Daphnidem,
1035 2908 1121 2998 quod

72 3011 284 3096 aggreditur:
328 3010 449 3070 laurum
480 3014 585 3071 incen-
627 3018 661 3073 in
682 3011 880 3092 Daphnidem
904 3021 1021 3080 vertat,
1046 3024 1079 3066 vt
1097 3013 1123 3069 is
1204 3089 1209 3094 .

74 3119 148 3189 dit,
182 3129 216 3174 vt
232 3112 372 3194 Daphnis
392 3114 504 3174 eodem
518 3136 586 3175 mo·
628 3117 740 3176 eodem
757 3113 851 3172 modo
866 3110 991 3170 flamma
1013 3114 1124 3171 amoris

73 3221 121 3279 do
149 3236 260 3275 amore
283 3217 475 3276 incendatur.
519 3239 586 3276 mo·
629 3217 830 3277 consumatur.
891 3212 1024 3272 Theocr.
1055 3213 1075 3273 l.
1102 3213 1125 3276 l.

75 3324 178 3385 lam,
204 3318 421 3391 feretralem,
448 3334 480 3377 at
495 3323 586 3378 etiarn
628 3343 656 3380 v.
689 3323 728 3382 25
763 3318 880 3397 Δέλφις
914 3313 962 3393 ἰ’-’μ’
995 3312 1127 3383 duritem·

75 3423 438 3484 Theocr.v.18etar.
467 3423 503 3482 cf.
521 3421 550 3481 11.
566 3422 586 3481 l.
630 3417 690 3498 ἐγώ
719 3417 744 3486 δ’
772 3422 824 3485 ἐν)
851 3420 980 3496 Δέλφιδι
1009 3413 1127 3499 δάφναι

78 3530 179 3587 Sem.
219 3523 297 3594 Cur,
319 3544 377 3603 pro
392 3522 518 3596 sulfure,
541 3523 588 3581 bi·
630 3523 718 3589 Aidu
728 3540 784 3584 etc.
802 3525 909 3583 Horat.
918 3522 1018 3602 Epod.
1027 3524 1127 3595 V,81.

80 3628 219 3689 rumino
237 3625 326 3684 illitas
347 3624 449 3685 lauros
471 3646 589 3684 memo·
630 3629 753 3687 Scilicet
780 3630 916 3708 magicae
950 3623 1007 3685 hae
1035 3630 1129 3686 ratio·

79 3747 147 3803 ret,
172 3748 244 3789 nam
260 3727 381 3785 videtur
396 3725 518 3811 mystica
537 3728 590 3787 ali·
631 3743 686 3790 nes
720 3731 785 3789 fere
826 3726 1009 3813 symbolicae
1042 3726 1128 3803 lunt,

81 3852 152 3917 qua
170 3826 268 3890 caulla
283 3825 417 3903 lubelle,
438 3832 591 3892 ariolatio·
633 3853 763 3916 quarum
786 3835 1019 3914 congruentiam
1041 3844 1073 3891 et
1093 3828 1133 3892 fi·

83 3956 149 3998 nes
173 3953 202 3991 v.
225 3932 308 4013 apud
335 3933 430 3996 eund.
446 3935 592 4016 fragiles
634 3936 847 3996 militudinem
879 3931 1037 4018 phylicum
1076 3933 1131 3993 ali·

86 4037 231 4098 Lucretii
245 4035 306 4108 Vl,
325 4056 381 4095 111
412 4045 593 4101 auctoritate
636 4060 729 4122 quem
754 4035 899 4099 ellectum
926 4035 1041 4104 habere
1060 4032 1132 4095 stul·

90 4162 110 4200 a
131 4138 209 4197 sono
227 4159 264 4197 ex
286 4140 409 4223 fragore
431 4131 593 4222 explicitur,
636 4147 703 4202 titia
731 4139 891 4202 hominum
917 4159 970 4198 aut
991 4137 1133 4204 credidit,

92 4242 300 4322 crepitantes
353 4246 392 4305 in
432 4239 595 4328 stamma,
637 4262 692 4307 aut
718 4247 783 4308 aliia
808 4241 992 4328 persuadere
1024 4241 1131 4303 voluit.
