<?xml version="1.0" encoding="UTF-8"?>
<!DOCTYPE html PUBLIC "-//W3C//DTD XHTML 1.0 Transitional//EN"
    "http://www.w3.org/TR/xhtml1/DTD/xhtml1-transitional.dtd">
<html xmlns="http://www.w3.org/1999/xhtml" xml:lang="en" lang="en">
 <head>
  <title>
</title>
<meta http-equiv="Content-Type" content="text/html;charset=utf-8" />
  <meta name='ocr-system' content='tesseract 3.04.00' />
  <meta name='ocr-capabilities' content='ocr_page ocr_carea ocr_par ocr_line ocrx_word'/>
</head>
<body>
  <div class='ocr_page' id='page_1' title='image "./pvirgilivsmarov00virggoog_0275.png"; bbox 0 0 2692 4914; ppageno 0'>
   <div class='ocr_carea' id='block_1_1' title="bbox 15 317 920 438">
    <p class='ocr_par' dir='ltr' id='par_1_1' title="bbox 15 317 920 438">
     <span class='ocr_line' id='line_1_1' title="bbox 15 317 920 438; baseline -0.019 -30"><span class='ocrx_word' id='word_1_1' title='bbox 15 435 18 438; x_wconf 8' lang='grc' dir='ltr'><em>Α</em></span> <span class='ocrx_word' id='word_1_2' title='bbox 116 329 192 406; x_wconf 75' lang='lat'><strong>206</strong></span> <span class='ocrx_word' id='word_1_3' title='bbox 315 322 628 399; x_wconf 85' lang='lat' dir='ltr'>P.V1RG1LII</span> <span class='ocrx_word' id='word_1_4' title='bbox 656 317 920 392; x_wconf 75' lang='lat' dir='ltr'>MARONIS</span> 
     </span>
    </p>
   </div>
   <div class='ocr_carea' id='block_1_2' title="bbox 118 500 1164 1332">
    <p class='ocr_par' dir='ltr' id='par_1_2' title="bbox 118 500 962 609">
     <span class='ocr_line' id='line_1_2' title="bbox 118 500 962 609; baseline -0.024 -17"><span class='ocrx_word' id='word_1_5' title='bbox 118 519 220 592; x_wconf 84' lang='lat' dir='ltr'><strong>Ecce</strong></span> <span class='ocrx_word' id='word_1_6' title='bbox 236 513 401 586; x_wconf 86' lang='lat' dir='ltr'>Dionaei</span> <span class='ocrx_word' id='word_1_7' title='bbox 421 505 594 609; x_wconf 84' lang='lat' dir='ltr'><strong>proceffit</strong></span> <span class='ocrx_word' id='word_1_8' title='bbox 617 504 778 582; x_wconf 80' lang='lat' dir='ltr'>Caesaris</span> <span class='ocrx_word' id='word_1_9' title='bbox 809 500 962 589; x_wconf 89' lang='lat' dir='ltr'><strong>astrum;</strong></span> 
     </span>
    </p>

    <p class='ocr_par' dir='ltr' id='par_1_3' title="bbox 123 625 1156 734">
     <span class='ocr_line' id='line_1_3' title="bbox 123 625 1156 734; baseline -0.021 -19"><span class='ocrx_word' id='word_1_10' title='bbox 123 627 285 726; x_wconf 71' lang='lat' dir='ltr'><strong>nstrum,</strong></span> <span class='ocrx_word' id='word_1_11' title='bbox 314 658 389 734; x_wconf 89' lang='lat' dir='ltr'><strong>quo</strong></span> <span class='ocrx_word' id='word_1_12' title='bbox 416 631 552 730; x_wconf 81' lang='lat' dir='ltr'><strong>segetes</strong></span> <span class='ocrx_word' id='word_1_13' title='bbox 577 631 782 728; x_wconf 78' lang='lat' dir='ltr'><strong>gauderent</strong></span> <span class='ocrx_word' id='word_1_14' title='bbox 804 625 991 723; x_wconf 78' lang='lat' dir='ltr'><strong>frugibus3</strong></span> <span class='ocrx_word' id='word_1_15' title='bbox 1019 638 1057 695; x_wconf 89' lang='lat' dir='ltr'><strong>et</strong></span> <span class='ocrx_word' id='word_1_16' title='bbox 1079 646 1156 721; x_wconf 89' lang='lat' dir='ltr'><strong>quo</strong></span> 
     </span>
    </p>

    <p class='ocr_par' dir='ltr' id='par_1_4' title="bbox 125 748 996 856">
     <span class='ocr_line' id='line_1_4' title="bbox 125 748 996 856; baseline -0.02 -22"><span class='ocrx_word' id='word_1_17' title='bbox 125 765 293 843; x_wconf 86' lang='lat' dir='ltr'><strong>Duceret</strong></span> <span class='ocrx_word' id='word_1_18' title='bbox 317 759 449 856; x_wconf 84' lang='lat' dir='ltr'><strong>apricis</strong></span> <span class='ocrx_word' id='word_1_19' title='bbox 475 758 514 827; x_wconf 91' lang='lat' dir='ltr'><strong>in</strong></span> <span class='ocrx_word' id='word_1_20' title='bbox 538 754 698 830; x_wconf 83' lang='lat' dir='ltr'><strong>collibus</strong></span> <span class='ocrx_word' id='word_1_21' title='bbox 720 776 791 824; x_wconf 84' lang='lat' dir='ltr'><strong>vua</strong></span> <span class='ocrx_word' id='word_1_22' title='bbox 817 748 996 824; x_wconf 87' lang='lat' dir='ltr'><strong>colorem.</strong></span> 
     </span>
    </p>

    <p class='ocr_par' dir='ltr' id='par_1_5' title="bbox 128 877 1162 1066">
     <span class='ocr_line' id='line_1_5' title="bbox 128 877 1162 978; baseline -0.02 -20"><span class='ocrx_word' id='word_1_23' title='bbox 128 884 278 973; x_wconf 84' lang='lat' dir='ltr'><strong>insere,</strong></span> <span class='ocrx_word' id='word_1_24' title='bbox 293 877 462 978; x_wconf 82' lang='lat' dir='ltr'>Daphni,</span> <span class='ocrx_word' id='word_1_25' title='bbox 484 881 603 977; x_wconf 86' lang='lat' dir='ltr'><strong>piros;</strong></span> <span class='ocrx_word' id='word_1_26' title='bbox 645 891 799 977; x_wconf 87' lang='lat' dir='ltr'><strong>carpent</strong></span> <span class='ocrx_word' id='word_1_27' title='bbox 824 891 888 944; x_wconf 86' lang='lat' dir='ltr'><strong>tua</strong></span> <span class='ocrx_word' id='word_1_28' title='bbox 910 894 1022 972; x_wconf 84' lang='lat' dir='ltr'><strong>poma</strong></span> <span class='ocrx_word' id='word_1_29' title='bbox 1044 892 1162 966; x_wconf 86' lang='lat' dir='ltr'><strong>nepo·</strong></span> 
     </span>
     <span class='ocr_line' id='line_1_6' title="bbox 746 988 1159 1066; baseline -0.027 0"><span class='ocrx_word' id='word_1_30' title='bbox 746 1011 814 1066; x_wconf 90' lang='lat' dir='ltr'><strong>tes.</strong></span> <span class='ocrx_word' id='word_1_31' title='bbox 1109 988 1159 1056; x_wconf 83' lang='lat'><strong>50</strong></span> 
     </span>
    </p>

    <p class='ocr_par' dir='ltr' id='par_1_6' title="bbox 134 1107 1164 1332">
     <span class='ocr_line' id='line_1_7' title="bbox 134 1107 1164 1216; baseline -0.018 -16"><span class='ocrx_word' id='word_1_32' title='bbox 134 1125 271 1200; x_wconf 86' lang='lat' dir='ltr'><strong>Omnia</strong></span> <span class='ocrx_word' id='word_1_33' title='bbox 292 1117 365 1192; x_wconf 86' lang='lat' dir='ltr'><strong>sert</strong></span> <span class='ocrx_word' id='word_1_34' title='bbox 393 1132 511 1204; x_wconf 86' lang='lat' dir='ltr'><strong>aetas,</strong></span> <span class='ocrx_word' id='word_1_35' title='bbox 549 1119 714 1189; x_wconf 83' lang='lat' dir='ltr'><strong>animum</strong></span> <span class='ocrx_word' id='word_1_36' title='bbox 743 1138 918 1216; x_wconf 89' lang='lat' dir='ltr'><strong>quoque;</strong></span> <span class='ocrx_word' id='word_1_37' title='bbox 963 1107 1069 1209; x_wconf 82' lang='lat' dir='ltr'><strong>saepe</strong></span> <span class='ocrx_word' id='word_1_38' title='bbox 1092 1134 1164 1208; x_wconf 81' lang='lat' dir='ltr'><strong>ego</strong></span> 
     </span>
     <span class='ocr_line' id='line_1_8' title="bbox 749 1234 884 1332; baseline -0.026 -25"><span class='ocrx_word' id='word_1_39' title='bbox 749 1234 884 1332; x_wconf 82' lang='lat' dir='ltr'><strong>longos</strong></span> 
     </span>
    </p>
   </div>
   <div class='ocr_carea' id='block_1_3' title="bbox 134 1376 1169 1723">
    <p class='ocr_par' dir='ltr' id='par_1_7' title="bbox 134 1376 1169 1723">
     <span class='ocr_line' id='line_1_9' title="bbox 186 1376 1164 1486; baseline -0.007 -19"><span class='ocrx_word' id='word_1_40' title='bbox 186 1424 219 1486; x_wconf 77' lang='grc'><strong>47</strong></span> <span class='ocrx_word' id='word_1_41' title='bbox 233 1416 382 1467; x_wconf 70' lang='lat' dir='ltr'><strong>Dionaeae</strong></span> <span class='ocrx_word' id='word_1_42' title='bbox 395 1428 454 1463; x_wconf 81' lang='lat' dir='ltr'><strong>vero</strong></span> <span class='ocrx_word' id='word_1_43' title='bbox 468 1424 553 1464; x_wconf 75' lang='lat' dir='ltr'><strong>rectet</strong></span> <span class='ocrx_word' id='word_1_44' title='bbox 577 1411 661 1483; x_wconf 66' lang='grc' dir='ltr'>Κύπρι</span> <span class='ocrx_word' id='word_1_45' title='bbox 676 1414 803 1474; x_wconf 66' lang='lat' dir='ltr'><strong>Aternio,</strong></span> <span class='ocrx_word' id='word_1_46' title='bbox 825 1376 894 1484; x_wconf 79' lang='lat' dir='ltr'><strong>apud</strong></span> <span class='ocrx_word' id='word_1_47' title='bbox 907 1410 1022 1463; x_wconf 87' lang='lat' dir='ltr'><strong>Theocr.</strong></span> <span class='ocrx_word' id='word_1_48' title='bbox 1035 1407 1095 1466; x_wconf 80' lang='lat' dir='ltr'><strong>XV,</strong></span> <span class='ocrx_word' id='word_1_49' title='bbox 1108 1408 1164 1460; x_wconf 74' lang='lat'><strong>106.</strong></span> 
     </span>
     <span class='ocr_line' id='line_1_10' title="bbox 134 1494 1167 1569; baseline -0.009 -16"><span class='ocrx_word' id='word_1_50' title='bbox 134 1502 170 1569; x_wconf 74' lang='grc'><strong>’48</strong></span> <span class='ocrx_word' id='word_1_51' title='bbox 188 1515 214 1553; x_wconf 79' lang='lat' dir='ltr'><strong>et</strong></span> <span class='ocrx_word' id='word_1_52' title='bbox 239 1499 318 1568; x_wconf 82' lang='lat' dir='ltr'><strong>quod</strong></span> <span class='ocrx_word' id='word_1_53' title='bbox 331 1497 428 1552; x_wconf 83' lang='lat' dir='ltr'><strong>Medic.</strong></span> <span class='ocrx_word' id='word_1_54' title='bbox 444 1515 512 1569; x_wconf 78' lang='lat' dir='ltr'><strong>apr.</strong></span> <span class='ocrx_word' id='word_1_55' title='bbox 527 1515 562 1548; x_wconf 87' lang='lat' dir='ltr'><strong>m.</strong></span> <span class='ocrx_word' id='word_1_56' title='bbox 586 1528 588 1532; x_wconf 39' lang='lat' dir='ltr'>v</span> <span class='ocrx_word' id='word_1_57' title='bbox 637 1507 672 1567; x_wconf 83' lang='grc'><strong>49</strong></span> <span class='ocrx_word' id='word_1_58' title='bbox 690 1516 709 1548; x_wconf 85' lang='lat' dir='ltr'><em>a</em></span> <span class='ocrx_word' id='word_1_59' title='bbox 727 1497 827 1567; x_wconf 74' lang='lat' dir='ltr'><strong>prrscr&#39;r</strong></span> <span class='ocrx_word' id='word_1_60' title='bbox 847 1496 949 1549; x_wconf 83' lang='lat' dir='ltr'><strong>Zosich.</strong></span> <span class='ocrx_word' id='word_1_61' title='bbox 993 1503 1024 1547; x_wconf 80' lang='lat' dir='ltr'><strong>in</strong></span> <span class='ocrx_word' id='word_1_62' title='bbox 1041 1494 1167 1547; x_wconf 71' lang='lat' dir='ltr'><strong>vallibus</strong></span> 
     </span>
     <span class='ocr_line' id='line_1_11' title="bbox 137 1578 1169 1723; baseline -0.011 -85"><span class='ocrx_word' id='word_1_63' title='bbox 137 1603 179 1657; x_wconf 73' lang='lat' dir='ltr'><strong>ep.</strong></span> <span class='ocrx_word' id='word_1_64' title='bbox 194 1581 485 1723; x_wconf 46' lang='lat' dir='ltr'><strong>Non&#39;ffiidarceslum</strong></span> <span class='ocrx_word' id='word_1_65' title='bbox 504 1581 530 1632; x_wconf 90' lang='lat' dir='ltr'><strong>in</strong></span> <span class='ocrx_word' id='word_1_66' title='bbox 549 1580 658 1633; x_wconf 82' lang='lat' dir='ltr'><strong>ducere.</strong></span> <span class='ocrx_word' id='word_1_67' title='bbox 696 1592 800 1652; x_wconf 81' lang='lat' dir='ltr'><em>apricis</em></span> <span class='ocrx_word' id='word_1_68' title='bbox 820 1582 987 1634; x_wconf 68' lang='lat' dir='ltr'><strong>incumbas</strong></span> <span class='ocrx_word' id='word_1_69' title='bbox 1006 1578 1044 1632; x_wconf 82' lang='lat' dir='ltr'><strong>esi</strong></span> <span class='ocrx_word' id='word_1_70' title='bbox 1062 1594 1169 1648; x_wconf 84' lang='lat' dir='ltr'><strong>qnoque</strong></span> 
     </span>
    </p>
   </div>
   <div class='ocr_carea' id='block_1_4' title="bbox 138 1661 1171 1909">
    <p class='ocr_par' dir='ltr' id='par_1_8' title="bbox 138 1661 1171 1909">
     <span class='ocr_line' id='line_1_12' title="bbox 138 1661 1171 1737; baseline -0.008 -15"><span class='ocrx_word' id='word_1_71' title='bbox 138 1667 259 1724; x_wconf 84' lang='lat' dir='ltr'><strong>in‘l&#39;ibui</strong></span> <span class='ocrx_word' id='word_1_72' title='bbox 336 1678 361 1732; x_wconf 82' lang='grc'><strong>4,</strong></span> <span class='ocrx_word' id='word_1_73' title='bbox 382 1683 421 1737; x_wconf 82' lang='lat'><strong>¹9·</strong></span> <span class='ocrx_word' id='word_1_74' title='bbox 443 1674 480 1719; x_wconf 75' lang='lat' dir='ltr'><strong>in</strong></span> <span class='ocrx_word' id='word_1_75' title='bbox 500 1674 604 1736; x_wconf 74' lang='lat' dir='ltr'><strong>aprieir</strong></span> <span class='ocrx_word' id='word_1_76' title='bbox 616 1664 876 1736; x_wconf 79' lang='lat' dir='ltr'><strong>saxisestins.Ge.</strong></span> <span class='ocrx_word' id='word_1_77' title='bbox 892 1666 925 1727; x_wconf 85' lang='grc' dir='ltr'><strong>ΙΙ,</strong></span> <span class='ocrx_word' id='word_1_78' title='bbox 941 1667 1001 1720; x_wconf 78' lang='lat'><strong>522.</strong></span> <span class='ocrx_word' id='word_1_79' title='bbox 1070 1661 1171 1716; x_wconf 70' lang='grc'><strong>6008-</strong></span> 
     </span>
     <span class='ocr_line' id='line_1_13' title="bbox 138 1749 1171 1824; baseline -0.007 -17"><span class='ocrx_word' id='word_1_80' title='bbox 138 1752 250 1815; x_wconf 71' lang='lat' dir='ltr'><strong>storum„</strong></span> <span class='ocrx_word' id='word_1_81' title='bbox 260 1749 296 1805; x_wconf 85' lang='lat' dir='ltr'><strong>esi</strong></span> <span class='ocrx_word' id='word_1_82' title='bbox 311 1749 382 1824; x_wconf 87' lang='lat' dir='ltr'><strong>quod</strong></span> <span class='ocrx_word' id='word_1_83' title='bbox 398 1752 558 1823; x_wconf 74' lang='lat' dir='ltr'>Pomponius</span> <span class='ocrx_word' id='word_1_84' title='bbox 578 1751 610 1803; x_wconf 79' lang='lat' dir='ltr'><strong>ad</strong></span> <span class='ocrx_word' id='word_1_85' title='bbox 623 1751 651 1805; x_wconf 86' lang='lat' dir='ltr'><strong>h.</strong></span> <span class='ocrx_word' id='word_1_86' title='bbox 667 1771 691 1806; x_wconf 81' lang='lat' dir='ltr'><strong>t.</strong></span> <span class='ocrx_word' id='word_1_87' title='bbox 705 1752 801 1807; x_wconf 72' lang='lat' dir='ltr'><strong>hebet:</strong></span> <span class='ocrx_word' id='word_1_88' title='bbox 835 1753 892 1814; x_wconf 86' lang='lat' dir='ltr'><strong>„in</strong></span> <span class='ocrx_word' id='word_1_89' title='bbox 913 1750 1004 1803; x_wconf 85' lang='lat' dir='ltr'><strong>codice</strong></span> <span class='ocrx_word' id='word_1_90' title='bbox 1017 1750 1171 1822; x_wconf 77' lang='lat' dir='ltr'><strong>Aproniano</strong></span> 
     </span>
     <span class='ocr_line' id='line_1_14' title="bbox 138 1835 690 1909; baseline -0.013 -16"><span class='ocrx_word' id='word_1_91' title='bbox 138 1839 193 1893; x_wconf 85' lang='lat' dir='ltr'><strong>hoc</strong></span> <span class='ocrx_word' id='word_1_92' title='bbox 212 1838 334 1909; x_wconf 86' lang='lat' dir='ltr'><strong>scriptum</strong></span> <span class='ocrx_word' id='word_1_93' title='bbox 357 1850 410 1889; x_wconf 77' lang='lat' dir='ltr'><strong>eret</strong></span> <span class='ocrx_word' id='word_1_94' title='bbox 430 1836 548 1908; x_wconf 78' lang='lat' dir='ltr'><strong>Nepotes</strong></span> <span class='ocrx_word' id='word_1_95' title='bbox 568 1835 605 1888; x_wconf 86' lang='lat' dir='ltr'><strong>hi.</strong></span> <span class='ocrx_word' id='word_1_96' title='bbox 615 1845 632 1867; x_wconf 81' lang='lat'><strong>‘⁴</strong></span> <span class='ocrx_word' id='word_1_97' title='bbox 688 1902 690 1905; x_wconf 22' lang='grc' dir='ltr'>Ι</span> 
     </span>
    </p>
   </div>
   <div class='ocr_carea' id='block_1_5' title="bbox 141 1967 1183 4297">
    <p class='ocr_par' dir='ltr' id='par_1_9' title="bbox 141 1967 1182 3370">
     <span class='ocr_line' id='line_1_15' title="bbox 143 1967 1174 2054; baseline -0.006 -20"><span class='ocrx_word' id='word_1_98' title='bbox 143 1994 210 2054; x_wconf 79' lang='lat' dir='ltr'><strong>cap.</strong></span> <span class='ocrx_word' id='word_1_99' title='bbox 228 1973 292 2051; x_wconf 85' lang='grc'><strong>88),</strong></span> <span class='ocrx_word' id='word_1_100' title='bbox 313 1968 469 2053; x_wconf 82' lang='lat' dir='ltr'><strong>ingeniose</strong></span> <span class='ocrx_word' id='word_1_101' title='bbox 485 1985 578 2050; x_wconf 81' lang='lat' dir='ltr'><strong>poeta</strong></span> <span class='ocrx_word' id='word_1_102' title='bbox 594 1973 637 2030; x_wconf 83' lang='lat' dir='ltr'><strong>ita</strong></span> <span class='ocrx_word' id='word_1_103' title='bbox 680 1968 764 2030; x_wconf 79' lang='lat' dir='ltr'><strong>dunt</strong></span> <span class='ocrx_word' id='word_1_104' title='bbox 784 1971 847 2031; x_wconf 90' lang='lat' dir='ltr'><strong>Ecl.</strong></span> <span class='ocrx_word' id='word_1_105' title='bbox 868 1969 922 2044; x_wconf 88' lang='lat' dir='ltr'><strong>IV,</strong></span> <span class='ocrx_word' id='word_1_106' title='bbox 943 1990 989 2029; x_wconf 84' lang='lat'><strong>12.</strong></span> <span class='ocrx_word' id='word_1_107' title='bbox 1030 1967 1174 2028; x_wconf 81' lang='lat' dir='ltr'><strong>Laudant</strong></span> 
     </span>
     <span class='ocr_line' id='line_1_16' title="bbox 141 2062 1174 2152; baseline -0.002 -19"><span class='ocrx_word' id='word_1_108' title='bbox 141 2079 245 2144; x_wconf 80' lang='lat' dir='ltr'><strong>vritur,</strong></span> <span class='ocrx_word' id='word_1_109' title='bbox 267 2086 300 2130; x_wconf 87' lang='lat' dir='ltr'><strong>vt</strong></span> <span class='ocrx_word' id='word_1_110' title='bbox 314 2091 383 2130; x_wconf 82' lang='lat' dir='ltr'><strong>eunt</strong></span> <span class='ocrx_word' id='word_1_111' title='bbox 399 2075 480 2131; x_wconf 90' lang='lat' dir='ltr'><strong>inter</strong></span> <span class='ocrx_word' id='word_1_112' title='bbox 495 2072 570 2133; x_wconf 83' lang='lat' dir='ltr'><strong>deos</strong></span> <span class='ocrx_word' id='word_1_113' title='bbox 588 2093 639 2131; x_wconf 91' lang='lat' dir='ltr'><strong>ru·</strong></span> <span class='ocrx_word' id='word_1_114' title='bbox 680 2074 805 2134; x_wconf 85' lang='lat' dir='ltr'><strong>Homer.</strong></span> <span class='ocrx_word' id='word_1_115' title='bbox 828 2073 915 2132; x_wconf 84' lang='lat' dir='ltr'><strong>Iliad.</strong></span> <span class='ocrx_word' id='word_1_116' title='bbox 935 2095 972 2144; x_wconf 78' lang='grc' dir='ltr'><strong>κ,</strong></span> <span class='ocrx_word' id='word_1_117' title='bbox 993 2072 1053 2132; x_wconf 80' lang='lat'><strong>252</strong></span> <span class='ocrx_word' id='word_1_118' title='bbox 1075 2062 1174 2152; x_wconf 58' lang='grc' dir='ltr'><strong><em>ἄστρα</em></strong></span> 
     </span>
     <span class='ocr_line' id='line_1_17' title="bbox 142 2169 1176 2260; baseline -0.003 -26"><span class='ocrx_word' id='word_1_119' title='bbox 142 2179 183 2234; x_wconf 80' lang='lat' dir='ltr'><strong>rie</strong></span> <span class='ocrx_word' id='word_1_120' title='bbox 198 2175 326 2232; x_wconf 79' lang='lat' dir='ltr'><strong>relatum</strong></span> <span class='ocrx_word' id='word_1_121' title='bbox 343 2169 403 2231; x_wconf 83' lang='lat' dir='ltr'><strong>esse</strong></span> <span class='ocrx_word' id='word_1_122' title='bbox 418 2171 522 2254; x_wconf 84' lang='lat' dir='ltr'><strong>fingat.</strong></span> <span class='ocrx_word' id='word_1_123' title='bbox 558 2173 639 2235; x_wconf 84' lang='lat' dir='ltr'><strong>cons.</strong></span> <span class='ocrx_word' id='word_1_124' title='bbox 682 2177 713 2240; x_wconf 76' lang='grc' dir='ltr'><strong>δὲ</strong></span> <span class='ocrx_word' id='word_1_125' title='bbox 735 2172 768 2260; x_wconf 61' lang='lat' dir='ltr'><strong>dri</strong></span> <span class='ocrx_word' id='word_1_126' title='bbox 787 2174 975 2258; x_wconf 75' lang='grc' dir='ltr'><strong><em>προβέβηκε,</em></strong></span> <span class='ocrx_word' id='word_1_127' title='bbox 996 2193 1101 2232; x_wconf 86' lang='lat' dir='ltr'><strong>verum</strong></span> <span class='ocrx_word' id='word_1_128' title='bbox 1124 2171 1176 2231; x_wconf 82' lang='lat' dir='ltr'><strong>hic</strong></span> 
     </span>
     <span class='ocr_line' id='line_1_18' title="bbox 145 2271 1176 2352; baseline -0.003 -17"><span class='ocrx_word' id='word_1_129' title='bbox 145 2275 204 2336; x_wconf 84' lang='lat' dir='ltr'><strong>Ge.</strong></span> <span class='ocrx_word' id='word_1_130' title='bbox 224 2276 255 2346; x_wconf 84' lang='grc' dir='ltr'><strong>Ι,</strong></span> <span class='ocrx_word' id='word_1_131' title='bbox 280 2276 329 2335; x_wconf 84' lang='lat'><strong>26.</strong></span> <span class='ocrx_word' id='word_1_132' title='bbox 354 2292 403 2352; x_wconf 87' lang='lat'><strong>27.</strong></span> <span class='ocrx_word' id='word_1_133' title='bbox 425 2283 476 2352; x_wconf 78' lang='lat'><strong>42.</strong></span> <span class='ocrx_word' id='word_1_134' title='bbox 532 2277 581 2335; x_wconf 90' lang='lat' dir='ltr'><strong>De</strong></span> <span class='ocrx_word' id='word_1_135' title='bbox 603 2296 640 2336; x_wconf 84' lang='lat' dir='ltr'><strong>ea</strong></span> <span class='ocrx_word' id='word_1_136' title='bbox 683 2279 743 2337; x_wconf 89' lang='lat' dir='ltr'><strong>nlio</strong></span> <span class='ocrx_word' id='word_1_137' title='bbox 759 2278 854 2335; x_wconf 87' lang='lat' dir='ltr'><strong>modo</strong></span> <span class='ocrx_word' id='word_1_138' title='bbox 869 2275 983 2334; x_wconf 81' lang='lat' dir='ltr'><strong>dictum</strong></span> <span class='ocrx_word' id='word_1_139' title='bbox 1004 2271 1046 2332; x_wconf 75' lang='lat' dir='ltr'><strong>esi</strong></span> <span class='ocrx_word' id='word_1_140' title='bbox 1067 2285 1098 2332; x_wconf 89' lang='lat' dir='ltr'><strong>et</strong></span> <span class='ocrx_word' id='word_1_141' title='bbox 1118 2294 1176 2352; x_wconf 85' lang='lat' dir='ltr'><strong>pe·</strong></span> 
     </span>
     <span class='ocr_line' id='line_1_19' title="bbox 146 2371 1177 2458; baseline -0.003 -21"><span class='ocrx_word' id='word_1_142' title='bbox 146 2372 271 2438; x_wconf 81' lang='lat' dir='ltr'><strong>steliav.</strong></span> <span class='ocrx_word' id='word_1_143' title='bbox 289 2375 422 2447; x_wconf 82' lang='lat' dir='ltr'><strong>Plinii,</strong></span> <span class='ocrx_word' id='word_1_144' title='bbox 442 2377 490 2439; x_wconf 79' lang='lat'><strong>23.</strong></span> <span class='ocrx_word' id='word_1_145' title='bbox 510 2374 560 2437; x_wconf 85' lang='lat' dir='ltr'><strong>vbi</strong></span> <span class='ocrx_word' id='word_1_146' title='bbox 577 2378 639 2458; x_wconf 82' lang='lat' dir='ltr'><strong>ipsa</strong></span> <span class='ocrx_word' id='word_1_147' title='bbox 682 2371 771 2439; x_wconf 79' lang='lat' dir='ltr'><strong>titum</strong></span> <span class='ocrx_word' id='word_1_148' title='bbox 800 2400 816 2438; x_wconf 86' lang='lat' dir='ltr'><strong>n</strong></span> <span class='ocrx_word' id='word_1_149' title='bbox 844 2391 932 2435; x_wconf 86' lang='lat' dir='ltr'><strong>motu</strong></span> <span class='ocrx_word' id='word_1_150' title='bbox 959 2389 991 2434; x_wconf 88' lang='lat' dir='ltr'><strong>et</strong></span> <span class='ocrx_word' id='word_1_151' title='bbox 1016 2373 1177 2457; x_wconf 77' lang='lat' dir='ltr'><strong>progrelsu</strong></span> 
     </span>
     <span class='ocr_line' id='line_1_20' title="bbox 147 2473 1178 2560; baseline -0.005 -21"><span class='ocrx_word' id='word_1_152' title='bbox 147 2473 273 2558; x_wconf 78' lang='lat' dir='ltr'><strong>Augusti</strong></span> <span class='ocrx_word' id='word_1_153' title='bbox 288 2473 378 2534; x_wconf 80' lang='lat' dir='ltr'><strong>verba</strong></span> <span class='ocrx_word' id='word_1_154' title='bbox 393 2474 539 2558; x_wconf 76' lang='lat' dir='ltr'><strong>adscripta</strong></span> <span class='ocrx_word' id='word_1_155' title='bbox 560 2478 638 2552; x_wconf 87' lang='lat' dir='ltr'><strong>sont,</strong></span> <span class='ocrx_word' id='word_1_156' title='bbox 681 2479 812 2540; x_wconf 87' lang='lat' dir='ltr'><strong>fiderum</strong></span> <span class='ocrx_word' id='word_1_157' title='bbox 833 2479 871 2538; x_wconf 81' lang='lat' dir='ltr'><strong>ad</strong></span> <span class='ocrx_word' id='word_1_158' title='bbox 892 2476 1028 2537; x_wconf 82' lang='lat' dir='ltr'><strong>occasum</strong></span> <span class='ocrx_word' id='word_1_159' title='bbox 1048 2496 1178 2560; x_wconf 82' lang='lat' dir='ltr'><strong>vergen-</strong></span> 
     </span>
     <span class='ocr_line' id='line_1_21' title="bbox 148 2577 1178 2661; baseline -0.001 -22"><span class='ocrx_word' id='word_1_160' title='bbox 148 2580 275 2639; x_wconf 85' lang='lat' dir='ltr'><strong>Sueton.</strong></span> <span class='ocrx_word' id='word_1_161' title='bbox 284 2578 368 2637; x_wconf 85' lang='lat' dir='ltr'><strong>Caes.</strong></span> <span class='ocrx_word' id='word_1_162' title='bbox 379 2583 429 2642; x_wconf 86' lang='grc'><strong>88.</strong></span> <span class='ocrx_word' id='word_1_163' title='bbox 444 2580 507 2640; x_wconf 91' lang='lat' dir='ltr'><strong>Dio</strong></span> <span class='ocrx_word' id='word_1_164' title='bbox 515 2582 638 2661; x_wconf 84' lang='lat' dir='ltr'><strong>XLV,7</strong></span> <span class='ocrx_word' id='word_1_165' title='bbox 682 2586 758 2642; x_wconf 89' lang='lat' dir='ltr'><strong>tium</strong></span> <span class='ocrx_word' id='word_1_166' title='bbox 770 2582 809 2641; x_wconf 82' lang='lat' dir='ltr'><strong>ed</strong></span> <span class='ocrx_word' id='word_1_167' title='bbox 822 2581 979 2641; x_wconf 88' lang='lat' dir='ltr'><strong>oculorum</strong></span> <span class='ocrx_word' id='word_1_168' title='bbox 990 2577 1105 2638; x_wconf 81' lang='lat' dir='ltr'><strong>sensum</strong></span> <span class='ocrx_word' id='word_1_169' title='bbox 1119 2599 1178 2638; x_wconf 88' lang='lat' dir='ltr'><strong>no·</strong></span> 
     </span>
     <span class='ocr_line' id='line_1_22' title="bbox 149 2679 1178 2761; baseline -0.001 -19"><span class='ocrx_word' id='word_1_170' title='bbox 149 2696 181 2742; x_wconf 87' lang='lat' dir='ltr'><strong>et</strong></span> <span class='ocrx_word' id='word_1_171' title='bbox 195 2694 261 2740; x_wconf 87' lang='lat' dir='ltr'><strong>not.</strong></span> <span class='ocrx_word' id='word_1_172' title='bbox 276 2680 390 2739; x_wconf 75' lang='lat' dir='ltr'><strong>Seneca</strong></span> <span class='ocrx_word' id='word_1_173' title='bbox 409 2682 470 2761; x_wconf 86' lang='lat' dir='ltr'><strong>Qu.</strong></span> <span class='ocrx_word' id='word_1_174' title='bbox 486 2682 556 2742; x_wconf 81' lang='lat' dir='ltr'><strong>Nat.</strong></span> <span class='ocrx_word' id='word_1_175' title='bbox 572 2683 640 2755; x_wconf 86' lang='lat' dir='ltr'><strong>vn,</strong></span> <span class='ocrx_word' id='word_1_176' title='bbox 683 2700 758 2745; x_wconf 78' lang='lat' dir='ltr'><strong>tato.</strong></span> <span class='ocrx_word' id='word_1_177' title='bbox 784 2705 812 2742; x_wconf 88' lang='lat' dir='ltr'><strong>v.</strong></span> <span class='ocrx_word' id='word_1_178' title='bbox 835 2682 953 2741; x_wconf 81' lang='lat' dir='ltr'><strong>Excurs.</strong></span> <span class='ocrx_word' id='word_1_179' title='bbox 974 2680 1003 2740; x_wconf 92' lang='lat'><strong>11</strong></span> <span class='ocrx_word' id='word_1_180' title='bbox 1025 2682 1063 2741; x_wconf 82' lang='lat' dir='ltr'><strong>nd</strong></span> <span class='ocrx_word' id='word_1_181' title='bbox 1079 2680 1132 2740; x_wconf 88' lang='lat' dir='ltr'><strong>lib.</strong></span> <span class='ocrx_word' id='word_1_182' title='bbox 1148 2679 1178 2741; x_wconf 92' lang='lat'><strong>11</strong></span> 
     </span>
     <span class='ocr_line' id='line_1_23' title="bbox 154 2780 1179 2866; baseline 0.002 -27"><span class='ocrx_word' id='word_1_183' title='bbox 154 2803 202 2862; x_wconf 85' lang='lat'><strong>¹7·</strong></span> <span class='ocrx_word' id='word_1_184' title='bbox 234 2780 371 2839; x_wconf 79' lang='lat' dir='ltr'><strong>Eandem</strong></span> <span class='ocrx_word' id='word_1_185' title='bbox 384 2801 409 2840; x_wconf 88' lang='lat' dir='ltr'><strong>a.</strong></span> <span class='ocrx_word' id='word_1_186' title='bbox 428 2787 516 2847; x_wconf 78' lang='lat'>1680.</span> <span class='ocrx_word' id='word_1_187' title='bbox 531 2790 641 2845; x_wconf 86' lang='lat' dir='ltr'><strong>iterum</strong></span> <span class='ocrx_word' id='word_1_188' title='bbox 683 2787 760 2846; x_wconf 81' lang='lat' dir='ltr'><strong>Aen.</strong></span> <span class='ocrx_word' id='word_1_189' title='bbox 775 2808 806 2866; x_wconf 92' lang='lat' dir='ltr'><strong>p.</strong></span> <span class='ocrx_word' id='word_1_190' title='bbox 821 2787 893 2849; x_wconf 75' lang='lat'><strong>581.</strong></span> <span class='ocrx_word' id='word_1_191' title='bbox 935 2786 1007 2843; x_wconf 85' lang='lat' dir='ltr'><strong>Eius</strong></span> <span class='ocrx_word' id='word_1_192' title='bbox 1023 2803 1095 2842; x_wconf 85' lang='lat' dir='ltr'><strong>vero</strong></span> <span class='ocrx_word' id='word_1_193' title='bbox 1109 2780 1179 2842; x_wconf 88' lang='lat' dir='ltr'><strong>stel-</strong></span> 
     </span>
     <span class='ocr_line' id='line_1_24' title="bbox 150 2879 1179 2966; baseline -0.002 -21"><span class='ocrx_word' id='word_1_194' title='bbox 150 2887 184 2945; x_wconf 91' lang='lat' dir='ltr'><strong>in</strong></span> <span class='ocrx_word' id='word_1_195' title='bbox 201 2879 357 2941; x_wconf 89' lang='lat' dir='ltr'><strong>hominurn</strong></span> <span class='ocrx_word' id='word_1_196' title='bbox 376 2884 570 2966; x_wconf 83' lang='lat' dir='ltr'><strong>conspectum</strong></span> <span class='ocrx_word' id='word_1_197' title='bbox 592 2909 643 2948; x_wconf 88' lang='lat' dir='ltr'><strong>ve·</strong></span> <span class='ocrx_word' id='word_1_198' title='bbox 683 2889 731 2949; x_wconf 82' lang='lat' dir='ltr'><strong>lne</strong></span> <span class='ocrx_word' id='word_1_199' title='bbox 771 2902 854 2947; x_wconf 87' lang='lat' dir='ltr'><strong>ortus</strong></span> <span class='ocrx_word' id='word_1_200' title='bbox 893 2886 1012 2947; x_wconf 88' lang='lat' dir='ltr'><strong>bonum</strong></span> <span class='ocrx_word' id='word_1_201' title='bbox 1056 2884 1179 2966; x_wconf 78' lang='lat' dir='ltr'><strong>frugum</strong></span> 
     </span>
     <span class='ocr_line' id='line_1_25' title="bbox 150 2982 1182 3071; baseline -0.001 -26"><span class='ocrx_word' id='word_1_202' title='bbox 150 2982 243 3056; x_wconf 81' lang='lat' dir='ltr'><strong>nisse,</strong></span> <span class='ocrx_word' id='word_1_203' title='bbox 269 2983 419 3066; x_wconf 41' lang='lat' dir='ltr'><strong>‘Hellenrc</strong></span> <span class='ocrx_word' id='word_1_204' title='bbox 448 2989 559 3070; x_wconf 81' lang='lat' dir='ltr'><strong>nitique</strong></span> <span class='ocrx_word' id='word_1_205' title='bbox 587 2993 644 3048; x_wconf 84' lang='lat' dir='ltr'><strong>viri</strong></span> <span class='ocrx_word' id='word_1_206' title='bbox 684 3005 868 3071; x_wconf 86' lang='lat' dir='ltr'><strong>proventum</strong></span> <span class='ocrx_word' id='word_1_207' title='bbox 897 2990 1028 3048; x_wconf 80' lang='lat' dir='ltr'><strong>ominari</strong></span> <span class='ocrx_word' id='word_1_208' title='bbox 1055 3001 1087 3046; x_wconf 89' lang='lat' dir='ltr'><strong>et</strong></span> <span class='ocrx_word' id='word_1_209' title='bbox 1115 3007 1182 3045; x_wconf 80' lang='lat' dir='ltr'><strong>ma·</strong></span> 
     </span>
     <span class='ocr_line' id='line_1_26' title="bbox 152 3087 1179 3171; baseline 0 -24"><span class='ocrx_word' id='word_1_210' title='bbox 152 3087 236 3147; x_wconf 83' lang='lat' dir='ltr'><strong>docti</strong></span> <span class='ocrx_word' id='word_1_211' title='bbox 253 3089 371 3164; x_wconf 85' lang='lat' dir='ltr'><strong>opinati</strong></span> <span class='ocrx_word' id='word_1_212' title='bbox 385 3088 458 3148; x_wconf 87' lang='lat' dir='ltr'><strong>sunt.</strong></span> <span class='ocrx_word' id='word_1_213' title='bbox 499 3092 644 3151; x_wconf 85' lang='lat' dir='ltr'><strong>Ceterum</strong></span> <span class='ocrx_word' id='word_1_214' title='bbox 686 3108 788 3152; x_wconf 79' lang='lat' dir='ltr'><strong>turare</strong></span> <span class='ocrx_word' id='word_1_215' title='bbox 811 3090 941 3171; x_wconf 84' lang='lat' dir='ltr'><strong>fingitur.</strong></span> <span class='ocrx_word' id='word_1_216' title='bbox 998 3088 1106 3164; x_wconf 84' lang='lat' dir='ltr'><strong>Insere</strong></span> <span class='ocrx_word' id='word_1_217' title='bbox 1126 3087 1179 3148; x_wconf 85' lang='lat' dir='ltr'><strong>seu</strong></span> 
     </span>
     <span class='ocr_line' id='line_1_27' title="bbox 151 3183 1179 3275; baseline 0 -25"><span class='ocrx_word' id='word_1_218' title='bbox 151 3186 237 3250; x_wconf 78' lang='lat' dir='ltr'>istam</span> <span class='ocrx_word' id='word_1_219' title='bbox 253 3183 368 3246; x_wconf 80' lang='lat' dir='ltr'><strong>stellam</strong></span> <span class='ocrx_word' id='word_1_220' title='bbox 390 3192 422 3247; x_wconf 92' lang='lat' dir='ltr'><strong>in</strong></span> <span class='ocrx_word' id='word_1_221' title='bbox 440 3197 539 3252; x_wconf 83' lang='lat' dir='ltr'><strong>nuruis</strong></span> <span class='ocrx_word' id='word_1_222' title='bbox 561 3213 645 3274; x_wconf 82' lang='lat' dir='ltr'><strong>gem·</strong></span> <span class='ocrx_word' id='word_1_223' title='bbox 685 3198 828 3275; x_wconf 85' lang='lat' dir='ltr'><strong>proprie,</strong></span> <span class='ocrx_word' id='word_1_224' title='bbox 850 3193 899 3253; x_wconf 88' lang='lat' dir='ltr'><strong>seu</strong></span> <span class='ocrx_word' id='word_1_225' title='bbox 914 3195 1062 3252; x_wconf 86' lang='lat' dir='ltr'><strong>omnino:</strong></span> <span class='ocrx_word' id='word_1_226' title='bbox 1090 3190 1179 3272; x_wconf 78' lang='lat' dir='ltr'><strong>plan·</strong></span> 
     </span>
     <span class='ocr_line' id='line_1_28' title="bbox 152 3288 931 3370; baseline 0.006 -21"><span class='ocrx_word' id='word_1_227' title='bbox 152 3296 272 3370; x_wconf 80' lang='lat' dir='ltr'><strong>mirque</strong></span> <span class='ocrx_word' id='word_1_228' title='bbox 286 3288 436 3367; x_wconf 89' lang='lat' dir='ltr'><strong>conspici,</strong></span> <span class='ocrx_word' id='word_1_229' title='bbox 464 3292 644 3357; x_wconf 71' lang='lat' dir='ltr'><strong>notamen</strong></span> <span class='ocrx_word' id='word_1_230' title='bbox 685 3311 733 3356; x_wconf 83' lang='lat' dir='ltr'><strong>ta:</strong></span> <span class='ocrx_word' id='word_1_231' title='bbox 755 3297 792 3355; x_wconf 84' lang='lat' dir='ltr'><strong>cs.</strong></span> <span class='ocrx_word' id='word_1_232' title='bbox 807 3297 931 3354; x_wconf 81' lang='lat' dir='ltr'><strong>Martin.</strong></span> 
     </span>
    </p>

    <p class='ocr_par' dir='ltr' id='par_1_10' title="bbox 149 3390 1183 4297">
     <span class='ocr_line' id='line_1_29' title="bbox 152 3390 1181 3477; baseline 0.005 -29"><span class='ocrx_word' id='word_1_233' title='bbox 152 3392 309 3455; x_wconf 79' lang='lat' dir='ltr'><strong>Dionaei,</strong></span> <span class='ocrx_word' id='word_1_234' title='bbox 324 3391 408 3471; x_wconf 85' lang='lat' dir='ltr'><strong>quod</strong></span> <span class='ocrx_word' id='word_1_235' title='bbox 425 3390 531 3455; x_wconf 75' lang='lat' dir='ltr'><strong>Caesar</strong></span> <span class='ocrx_word' id='word_1_236' title='bbox 547 3417 643 3477; x_wconf 77' lang='lat' dir='ltr'><strong>genus</strong></span> <span class='ocrx_word' id='word_1_237' title='bbox 727 3402 779 3462; x_wconf 84' lang='lat'><strong>51.</strong></span> <span class='ocrx_word' id='word_1_238' title='bbox 818 3400 936 3456; x_wconf 81' lang='lat' dir='ltr'><strong>Omnia</strong></span> <span class='ocrx_word' id='word_1_239' title='bbox 955 3396 1032 3475; x_wconf 83' lang='lat' dir='ltr'><strong>fert</strong></span> <span class='ocrx_word' id='word_1_240' title='bbox 1066 3407 1181 3462; x_wconf 72' lang='lat' dir='ltr'><strong>aetas,</strong></span> 
     </span>
     <span class='ocr_line' id='line_1_30' title="bbox 153 3490 1180 3582; baseline 0.005 -30"><span class='ocrx_word' id='word_1_241' title='bbox 153 3490 286 3562; x_wconf 79' lang='lat' dir='ltr'><strong>eb1u10,</strong></span> <span class='ocrx_word' id='word_1_242' title='bbox 308 3493 450 3573; x_wconf 74' lang='lat' dir='ltr'><strong>adeoque</strong></span> <span class='ocrx_word' id='word_1_243' title='bbox 464 3495 589 3557; x_wconf 69' lang='lat' dir='ltr'><strong>Anchisa</strong></span> <span class='ocrx_word' id='word_1_244' title='bbox 612 3514 644 3559; x_wconf 89' lang='lat' dir='ltr'><strong>et</strong></span> <span class='ocrx_word' id='word_1_245' title='bbox 684 3503 833 3560; x_wconf 81' lang='lat' dir='ltr'><strong>animum</strong></span> <span class='ocrx_word' id='word_1_246' title='bbox 852 3518 991 3582; x_wconf 82' lang='lat' dir='ltr'><strong>qnoque.</strong></span> <span class='ocrx_word' id='word_1_247' title='bbox 1024 3497 1180 3557; x_wconf 72' lang='lat' dir='ltr'><strong>Memoria</strong></span> 
     </span>
     <span class='ocr_line' id='line_1_31' title="bbox 151 3592 1181 3669; baseline 0.005 -16"><span class='ocrx_word' id='word_1_248' title='bbox 151 3595 293 3660; x_wconf 79' lang='lat' dir='ltr'><strong>Venere,</strong></span> <span class='ocrx_word' id='word_1_249' title='bbox 316 3592 429 3653; x_wconf 88' lang='lat' dir='ltr'><strong>ducere</strong></span> <span class='ocrx_word' id='word_1_250' title='bbox 449 3596 643 3669; x_wconf 83' lang='lat' dir='ltr'><strong>credebatur;</strong></span> <span class='ocrx_word' id='word_1_251' title='bbox 685 3602 845 3663; x_wconf 87' lang='lat' dir='ltr'><strong>deficiente</strong></span> <span class='ocrx_word' id='word_1_252' title='bbox 863 3604 987 3660; x_wconf 88' lang='lat' dir='ltr'><strong>Moerin</strong></span> <span class='ocrx_word' id='word_1_253' title='bbox 1006 3597 1106 3658; x_wconf 88' lang='lat' dir='ltr'><strong>subito</strong></span> <span class='ocrx_word' id='word_1_254' title='bbox 1123 3596 1181 3658; x_wconf 86' lang='lat' dir='ltr'><strong>ob·</strong></span> 
     </span>
     <span class='ocr_line' id='line_1_32' title="bbox 152 3695 1180 3785; baseline 0.01 -30"><span class='ocrx_word' id='word_1_255' title='bbox 152 3710 250 3755; x_wconf 79' lang='lat' dir='ltr'><strong>meter</strong></span> <span class='ocrx_word' id='word_1_256' title='bbox 264 3708 366 3752; x_wconf 81' lang='lat' dir='ltr'><strong>nutem</strong></span> <span class='ocrx_word' id='word_1_257' title='bbox 382 3695 508 3756; x_wconf 81' lang='lat' dir='ltr'><strong>Veneris</strong></span> <span class='ocrx_word' id='word_1_258' title='bbox 525 3699 642 3759; x_wconf 83' lang='lat' dir='ltr'><strong>Dione.</strong></span> <span class='ocrx_word' id='word_1_259' title='bbox 685 3701 810 3775; x_wconf 87' lang='lat' dir='ltr'><strong>ticuisse,</strong></span> <span class='ocrx_word' id='word_1_260' title='bbox 830 3723 898 3776; x_wconf 88' lang='lat' dir='ltr'><strong>nec,</strong></span> <span class='ocrx_word' id='word_1_261' title='bbox 917 3701 1003 3785; x_wconf 86' lang='lat' dir='ltr'><strong>quod</strong></span> <span class='ocrx_word' id='word_1_262' title='bbox 1021 3714 1180 3781; x_wconf 71' lang='lat' dir='ltr'><strong>coeperat,</strong></span> 
     </span>
     <span class='ocr_line' id='line_1_33' title="bbox 153 3794 1181 3886; baseline 0.006 -31"><span class='ocrx_word' id='word_1_263' title='bbox 153 3797 270 3856; x_wconf 82' lang='lat' dir='ltr'><strong>Iulium</strong></span> <span class='ocrx_word' id='word_1_264' title='bbox 288 3794 383 3871; x_wconf 79' lang='lat' dir='ltr'><strong>fidus</strong></span> <span class='ocrx_word' id='word_1_265' title='bbox 405 3797 510 3857; x_wconf 81' lang='lat' dir='ltr'><strong>Horat.</strong></span> <span class='ocrx_word' id='word_1_266' title='bbox 536 3800 595 3865; x_wconf 80' lang='lat' dir='ltr'><strong>Od.</strong></span> <span class='ocrx_word' id='word_1_267' title='bbox 617 3802 642 3874; x_wconf 90' lang='lat'><strong>1,</strong></span> <span class='ocrx_word' id='word_1_268' title='bbox 687 3808 813 3886; x_wconf 85' lang='lat' dir='ltr'><strong>implere</strong></span> <span class='ocrx_word' id='word_1_269' title='bbox 831 3803 961 3885; x_wconf 86' lang='lat' dir='ltr'><strong>potuisse</strong></span> <span class='ocrx_word' id='word_1_270' title='bbox 976 3818 1072 3883; x_wconf 78' lang='lat' dir='ltr'><strong>puta3</strong></span> <span class='ocrx_word' id='word_1_271' title='bbox 1093 3801 1181 3861; x_wconf 79' lang='lat' dir='ltr'><strong>addit</strong></span> 
     </span>
     <span class='ocr_line' id='line_1_34' title="bbox 158 3896 1183 3989; baseline 0.002 -28"><span class='ocrx_word' id='word_1_272' title='bbox 158 3921 213 3972; x_wconf 82' lang='lat'><strong>12,</strong></span> <span class='ocrx_word' id='word_1_273' title='bbox 258 3907 308 3978; x_wconf 76' lang='lat'><strong>47.</strong></span> <span class='ocrx_word' id='word_1_274' title='bbox 326 3896 493 3976; x_wconf 79' lang='lat' dir='ltr'><strong>prooeffit,</strong></span> <span class='ocrx_word' id='word_1_275' title='bbox 517 3917 583 3960; x_wconf 81' lang='lat' dir='ltr'><strong>orta</strong></span> <span class='ocrx_word' id='word_1_276' title='bbox 603 3901 645 3963; x_wconf 86' lang='lat' dir='ltr'><strong>est</strong></span> <span class='ocrx_word' id='word_1_277' title='bbox 686 3911 790 3989; x_wconf 79' lang='lat' dir='ltr'><strong>itaque</strong></span> <span class='ocrx_word' id='word_1_278' title='bbox 813 3929 881 3967; x_wconf 91' lang='lat' dir='ltr'><strong>cum</strong></span> <span class='ocrx_word' id='word_1_279' title='bbox 905 3906 1028 3967; x_wconf 85' lang='lat' dir='ltr'><strong>dolore:</strong></span> <span class='ocrx_word' id='word_1_280' title='bbox 1065 3903 1183 3963; x_wconf 75' lang='lat' dir='ltr'><strong>Omnia</strong></span> 
     </span>
     <span class='ocr_line' id='line_1_35' title="bbox 152 3998 1182 4091; baseline 0 -28"><span class='ocrx_word' id='word_1_281' title='bbox 152 3998 246 4063; x_wconf 75' lang='lat' dir='ltr'><strong>stella.</strong></span> <span class='ocrx_word' id='word_1_282' title='bbox 287 3999 358 4060; x_wconf 71' lang='lat' dir='ltr'><strong>Ect‘</strong></span> <span class='ocrx_word' id='word_1_283' title='bbox 380 3998 440 4069; x_wconf 86' lang='lat' dir='ltr'><strong>VI,</strong></span> <span class='ocrx_word' id='word_1_284' title='bbox 465 4004 505 4063; x_wconf 87' lang='grc'><strong>86</strong></span> <span class='ocrx_word' id='word_1_285' title='bbox 537 4007 643 4065; x_wconf 79' lang='lat' dir='ltr'><strong>ionico</strong></span> <span class='ocrx_word' id='word_1_286' title='bbox 685 4010 799 4082; x_wconf 79' lang='lat' dir='ltr'><strong>aufert,</strong></span> <span class='ocrx_word' id='word_1_287' title='bbox 822 4015 929 4091; x_wconf 88' lang='lat' dir='ltr'><strong>eripit,</strong></span> <span class='ocrx_word' id='word_1_288' title='bbox 962 4012 1063 4070; x_wconf 81' lang='lat' dir='ltr'><strong>atterit</strong></span> <span class='ocrx_word' id='word_1_289' title='bbox 1084 4021 1182 4075; x_wconf 81' lang='lat' dir='ltr'><strong>eetns,</strong></span> 
     </span>
     <span class='ocr_line' id='line_1_36' title="bbox 149 4100 1183 4187; baseline 0.01 -25"><span class='ocrx_word' id='word_1_290' title='bbox 149 4100 299 4187; x_wconf 65' lang='lat' dir='ltr'><strong>procqffit</strong></span> <span class='ocrx_word' id='word_1_291' title='bbox 335 4100 459 4180; x_wconf 56' lang='lat' dir='ltr'><strong>Vester</strong></span> <span class='ocrx_word' id='word_1_292' title='bbox 500 4104 642 4186; x_wconf 79' lang='lat' dir='ltr'><strong>Olympo.</strong></span> <span class='ocrx_word' id='word_1_293' title='bbox 685 4115 777 4170; x_wconf 77' lang='lat' dir='ltr'><strong>etiarn</strong></span> <span class='ocrx_word' id='word_1_294' title='bbox 809 4117 902 4172; x_wconf 80' lang='lat' dir='ltr'><strong>animi</strong></span> <span class='ocrx_word' id='word_1_295' title='bbox 931 4115 1008 4172; x_wconf 80' lang='lat' dir='ltr'><strong>vires</strong></span> <span class='ocrx_word' id='word_1_296' title='bbox 1015 4153 1025 4182; x_wconf 95' lang='lat'><strong>,</strong></span> <span class='ocrx_word' id='word_1_297' title='bbox 1060 4128 1183 4167; x_wconf 78' lang='lat' dir='ltr'><strong>memo·</strong></span> 
     </span>
     <span class='ocr_line' id='line_1_37' title="bbox 153 4204 1181 4297; baseline 0.003 -32"><span class='ocrx_word' id='word_1_298' title='bbox 153 4207 233 4268; x_wconf 77' lang='lat' dir='ltr'><strong>Alio-</strong></span> <span class='ocrx_word' id='word_1_299' title='bbox 249 4204 501 4283; x_wconf 60' lang='lat' dir='ltr'><strong>mdo-&#39;menses</strong></span> <span class='ocrx_word' id='word_1_300' title='bbox 529 4227 643 4287; x_wconf 81' lang='lat' dir='ltr'><strong>proce.</strong></span> <span class='ocrx_word' id='word_1_301' title='bbox 683 4215 769 4272; x_wconf 79' lang='lat' dir='ltr'><strong>riam.</strong></span> <span class='ocrx_word' id='word_1_302' title='bbox 813 4216 908 4297; x_wconf 79' lang='lat' dir='ltr'><strong>Atqui</strong></span> <span class='ocrx_word' id='word_1_303' title='bbox 928 4214 1018 4294; x_wconf 75' lang='lat' dir='ltr'><strong>saepe</strong></span> <span class='ocrx_word' id='word_1_304' title='bbox 1039 4231 1100 4293; x_wconf 84' lang='lat' dir='ltr'><strong>ego</strong></span> <span class='ocrx_word' id='word_1_305' title='bbox 1116 4230 1181 4282; x_wconf 88' lang='lat' dir='ltr'><strong>me,</strong></span> 
     </span>
    </p>
   </div>
   <div class='ocr_carea' id='block_1_6' title="bbox 0 0 1381 4914">
    <p class='ocr_par' dir='ltr' id='par_1_11' title="bbox 0 0 1381 4914">
     <span class='ocr_line' id='line_1_38' title="bbox 0 0 1381 4914; baseline 0 0"><span class='ocrx_word' id='word_1_306' title='bbox 0 0 1381 4914; x_wconf 95' lang='lat' dir='ltr'><strong> </strong></span> 
     </span>
    </p>
   </div>
  </div>
 </body>
</html>
