2692 4914
179 311 530 386 ononorcon
561 316 656 389 ιιι.
676 316 726 407 ιι,
746 315 958 414 329-339
1039 317 1112 402 tat

72 501 149 571 Aut
171 515 295 572 actum
320 499 429 574 coelo
454 506 596 600 magnis
618 468 868 604 Aquilonibus
889 503 1066 579 imbrem:

71 632 148 706 Sed
162 630 277 708 trudit
291 659 466 733 gemmas,
485 653 523 707 et
539 635 682 709 frondis
697 637 856 736 explicat
875 643 1007 712 omnis.
1029 638 1104 713 335

69 771 159 840 Non
185 767 276 839 alios
301 771 419 866 prima
446 767 639 843 crescentis
667 774 809 870 origine
833 741 965 844 mundi
1044 784 1048 792 ’

69 898 242 973 tntuxtffe
265 900 360 990 ates,
394 887 558 975 aliumue
582 902 748 980 nabutte
767 921 942 978 tenorem

71 1034 323 1109 Crediderim:
361 1060 426 1108 ver
446 1035 656 1127 illuderet,
704 1062 768 1111 ver
795 1053 949 1135 magnus
968 1038 1103 1138 agebat
1264 1081 1267 1094 ·

68 1169 198 1260 Orbis,
236 1187 277 1304 et
297 1168 460 1247 hibernis
485 1171 689 1271 parcebant
715 1169 861 1245 flatibus
891 1176 1000 1270 Euri:
1108 1219 1110 1222 -

135 1370 188 1424 335
206 1367 377 1422 tendttVen.
446 1369 497 1441 339
516 1370 629 1426 hiberna·
640 1373 712 1427 Euri
724 1371 838 1436 Media,
857 1372 943 1428 minua
956 1370 1067 1444 poetice.

60 1531 127 1615 pix
146 1545 290 1614 nequeat
307 1531 423 1607 grauia
442 1543 475 1588 et
489 1532 562 1591 leue
601 1554 649 1613 pr.
691 1533 791 1593 Multa
808 1532 908 1594 Cerda
927 1548 959 1593 et
982 1532 1035 1590 alii
1056 1530 1097 1592 ad

64 1634 202 1694 olirtnm.
225 1633 396 1693 Transtulit
405 1630 485 1693 hanc
498 1634 560 1694 sor·
602 1633 632 1693 h.
647 1635 667 1694 l.
687 1631 828 1704 afferunt,
858 1654 937 1716 quae
959 1633 998 1693 od
1020 1634 1098 1693 alte·

28 1752 33 1757 “
62 1759 149 1796 mam
169 1736 287 1797 Seneca
309 1737 400 1794 Herc.
422 1735 479 1794 sur.
500 1744 558 1813 147
601 1758 667 1797 ram
710 1736 913 1816 vulgatiorem
956 1735 1094 1816 spectant

62 1838 106 1899 de
134 1837 256 1899 luscinia
296 1841 455 1898 exoriente
491 1838 557 1897 die·
600 1840 799 1916 opinionem,
846 1832 900 1896 etfi
937 1856 1005 1895 cum
1041 1835 1093 1895 illa

61 1941 260 2022 Fennosque
295 1960 383 2001 nouo
424 1937 558 2002 tradere
597 1943 701 2041 priore
737 1941 951 2006 coniunctam:
991 1940 1093 2031 prima

50 2045 130 2127 soli
157 2041 270 2120 Geflit
334 2043 407 2119 554.
429 2044 556 2120 magnis
596 2018 704 2099 mundi
720 2055 822 2101 aetate
840 2054 1023 2120 perpetuum
1037 2058 1100 2099 ver:

58 2144 298 2229 Aquilonibus
311 2141 553 2212 vehementibus,
596 2133 755 2206 aflilfisse:
782 2141 864 2204 vnde
882 2140 968 2200 nasci
982 2140 1097 2201 debuit

58 2244 247 2332 procellosis.
274 2268 302 2306 v.
324 2247 426 2305 Burru.
443 2246 553 2319 Lucre·
595 2241 772 2323 phantasma
799 2240 944 2325 paradifi,
981 2231 1089 2303 aetatis

31 2415 33 2418 ,
57 2352 240 2427 tiusV,817
254 2348 305 2417 At
317 2350 447 2407 nouitas
461 2364 553 2401 mun·
595 2366 717 2420 aureae,
738 2350 850 2429 vigoris
865 2345 1025 2407 hominum
1041 2335 1095 2408 ιθ·ι
1161 2411 1165 2423 ,

57 2453 98 2518 di
126 2474 188 2512 nec
215 2452 353 2536 frigora
374 2443 460 2504 dura
489 2446 552 2503 cio-
594 2441 730 2509 eentium
757 2449 915 2523 iuvenilis,
951 2463 984 2508 et
1010 2468 1089 2531 quae

55 2556 142 2624 bat,
183 2555 251 2616 Nee
282 2551 399 2609 nimios
434 2546 551 2623 aestus,
594 2548 791 2611 ntiasunrhts
805 2549 920 2612 similia.
941 2551 1087 2627 arescen-

54 2679 122 2722 κει
135 2659 260 2735 magnis
273 2649 401 2712 viribus
413 2646 547 2723 austros.
592 2654 634 2710 tis
650 2651 777 2721 mundi,
796 2675 855 2734 pro
872 2653 1001 2735 vulgari,
1017 2651 1085 2713 nas·

53 2760 162 2826 Vides,
178 2755 257 2814 vnde
271 2750 374 2814 noster
388 2751 527 2811 hauserit.
591 2758 698 2818 centis.
755 2757 827 2834 357.
856 2769 1003 2814 tenorem
1024 2777 1084 2838 pro

99 2861 173 2922 356,
201 2858 328 2938 Quanto
350 2876 418 2914 cum
437 2868 549 2915 ornatu
591 2852 769 2935 tempestate
792 2856 883 2929 dixit,
919 2877 987 2916 cum
1010 2877 1085 2937 pro·

51 2957 195 3041 exposuit
208 2956 284 3019 hoc:
309 2957 417 3017 mnndi
430 2956 548 3015 natales
589 2960 656 3036 prie
664 3000 675 3031 ,
701 2955 724 3017 si
738 2958 778 3018 ad
791 2975 910 3038 tempus
922 2958 1082 3036 reseratur,

48 3068 87 3121 in
103 3083 231 3121 vernum
256 3076 375 3140 tempus
394 3054 547 3118 incidisse!
588 3056 624 3118 sit
640 3062 830 3120 continuatio
845 3060 947 3140 aliqua
962 3075 1084 3140 tempo·

48 3167 102 3225 An
120 3179 191 3223 ante
204 3164 365 3223 Maronem
381 3162 489 3242 aliquis
506 3164 548 3218 ita
588 3164 650 3233 ris,
676 3181 773 3244 eaque
788 3160 964 3244 aequabilia.
1008 3163 1084 3222 Non

46 3264 199 3337 statuerit,
220 3264 337 3333 nesciet
355 3267 458 3345 potuit
471 3282 547 3342 poe·
591 3264 681 3321 aliam
714 3285 817 3323 rerum
851 3264 1077 3339 conditionem,

47 3382 83 3430 ta
97 3372 133 3426 in
148 3366 222 3426 illud
237 3365 413 3448 phantasma
430 3362 548 3423 incide·
588 3366 670 3425 aliud
684 3382 749 3425 tum
763 3369 836 3430 anni
849 3350 979 3448 tempus,
993 3365 1081 3430 fuisse

46 3491 103 3544 re,
133 3469 206 3529 dum
226 3468 325 3530 versus
345 3470 545 3527 Lucretianoa
586 3482 704 3546 putem,
726 3488 796 3527 curn
809 3468 941 3530 mundun
957 3469 1079 3533 creaba-

46 3570 291 3653 1ecognoscebat
310 3572 356 3643 V,
379 3571 440 3649 778
463 3567 544 3649 seqq.
586 3584 645 3633 tur.
721 3572 795 3634 338.
830 3569 926 3630 Orbis
956 3573 1080 3650 agebat

48 3672 149 3755 Quod
171 3689 283 3754 poetae
303 3670 420 3754 fingere
443 3671 544 3729 licuit:
584 3692 661 3743 ver,
707 3687 755 3732 ,vt
803 3693 905 3752 agere
942 3672 1077 3753 festum.

44 3773 112 3837 hoc
126 3775 177 3836 alii
190 3776 402 3856 disputationis
424 3770 545 3857 theolo·
584 3776 726 3852 Magnus
750 3796 824 3837 vero
845 3775 950 3850 orbat,
984 3800 1079 3838 mun·

42 3881 136 3962 gicae
152 3892 244 3960 caput
260 3877 361 3938 facere
381 3872 442 3936 aufi
463 3858 542 3945 sunt,
586 3873 663 3944 dus,
691 3897 813 3956 magna
832 3893 935 3949 terra,
964 3901 1076 3962 perpe·

42 4000 124 4046 num
139 4002 211 4043 vere
223 4000 263 4040 an
277 3993 442 4040 anctumno
454 3995 544 4035 mun·
586 3993 638 4039 tua
656 3976 722 4038 sunt
737 3985 840 4062 poetis
852 3987 966 4065 graecis
982 3997 1014 4042 et
1032 3983 1077 4040 la·

43 4085 104 4147 dut
120 4084 282 4146 exordium
298 4082 448 4143 habuerit.
489 4079 544 4138 Vi·
587 4084 674 4152 tinitt
730 4104 768 4146 ex
804 4088 930 4168 antiqua
965 4083 1077 4143 scilicet

41 4189 85 4253 de
112 4210 142 4254 r.
167 4209 194 4252 c.
216 4186 344 4252 simron.
365 4185 544 4250 Chronicon
585 4182 694 4267 poesi3
753 4188 834 4251 vnde
882 4201 914 4252 et
959 4203 1080 4248 nomen
