2692 4914
92 355 95 364 ·
153 341 231 418 aaa
474 332 769 437 axcvasvs
800 335 866 407 111

155 523 210 583 Gr.
235 539 261 578 c.
282 518 302 580 8
323 536 392 576 curn
414 515 541 578 Calaub.
564 519 604 577 ad
625 521 707 580 Suet.
728 519 798 580 Tib.
819 507 870 598 φο,
892 536 922 582 et
940 519 1044 582 Dauil.
1062 523 1103 581 'ad
1124 523 1190 581 Cic.

156 628 196 688 tle
218 626 255 683 N.
278 625 319 683 D.
338 624 385 696 ll,
414 628 455 703 64
483 630 546 708 egit
574 626 714 705 Toupius
743 631 777 686 in
802 624 893 707 Epist.
923 632 988 688 crit.
1014 649 1085 708 pag.
1119 632 1192 699 161,

156 731 329 812 (Emendat.
343 750 446 791 nouae
460 731 533 794 edit.
548 732 607 795 To.
626 732 664 803 11,
686 753 717 812 p.
733 735 807 812 θοι)
836 749 868 793 et
882 738 936 816 qui
950 736 1018 806 alia,
1041 755 1134 815 quam
1158 737 1193 793 in

155 859 237 924 quae
259 843 283 898 it
304 838 463 918 inciderat,
486 839 596 910 attulit,
618 838 807 898 Fontaninus
829 843 862 900 in
881 839 955 901 Hist.
980 842 1035 900 litt.
1055 840 1191 922 Aquilei.

153 967 186 1028 p.
202 965 241 1025 29
255 942 318 1027 sqq.
360 940 558 1007 Dafideratur
574 958 683 1004 tamen·
698 942 748 1005 vel
768 941 809 1005 fic
829 942 959 1008 iustade
975 968 1014 1008 eo
1032 967 1194 1006 commen·

153 1057 242 1116 tatio.
291 1048 468 1115 Laudamur
496 1071 546 1130 ap.
566 1048 672 1131 Steph.
699 1051 770 1133 Byz.
798 1067 829 1112 et
848 1051 959 1113 Athen.
981 1052 1193 1133 Euphorionis

152 1151 304 1227 Χιλιιίδες.
347 1153 397 1216 Est
414 1176 508 1235 porro
530 1156 569 1216 de
591 1177 631 1217 eo
653 1156 766 1216 Suidae
787 1156 879 1218 locus»
896 1163 930 1218 in
951 1155 1118 1241 Εὐφορίων,
1156 1161 1194 1218 in

153 1285 217 1348 quo
239 1267 270 1323 ei
292 1260 467 1321 tribuuntur
487 1282 599 1341 opera:
632 1259 765 1332 Ἡσίοδος
771 1306 782 1337 ,
799 1264 959 1347 Μοψοτία
988 1252 1007 1344 ἢ
1032 1254 1192 1327 Ἄτακτα.

151 1368 326 1450 Mopsopia
347 1363 389 1454 all
411 1366 494 1427 idem
520 1382 613 1449 atque
633 1369 751 1437 Attica3
786 1389 860 1428 nant
889 1375 1042 1453 antiquius
1069 1389 1192 1429 nornen

73 1472 75 1477 ⁴
152 1477 233 1540 illua
241 1470 299 1534 fuit
315 1453 526 1538 ah'Oceanide
539 1472 718 1564 Mopsopia:
745 1472 825 1538 καὶὸ
844 1469 931 1550 λόγος
952 1475 1003 1540 τοῦ
1023 1469 1191 1556 ποιήματος

129 1578 341 1649 Ιοἲιτοτιίνετιιι
365 1583 406 1649 alc
433 1572 487 1660 τῆν
515 1573 666 1663 Ἀττικήν.
709 1580 808 1656 (male
839 1581 991 1641 adiectum
1027 1585 1062 1640 in
1091 1581 1192 1640 Suida

154 1680 291 1770 χιλιάδα,
312 1689 372 1744 iam
387 1684 556 1745 deletuma
578 1684 715 1766 Touplo,
752 1689 853 1749 minut
875 1702 980 1746 tarnan
1006 1686 1088 1747 bene
1118 1709 1191 1745 mu·

34 1831 40 1841 =
153 1809 255 1857 tatum
276 1796 309 1852 in
332 1784 490 1872 χιλιάδες).
539 1791 724 1873 Respexerat
747 1795 780 1851 in
804 1812 842 1852 eo
865 1812 960 1872 opere
984 1796 1115 1875 eosqui
1135 1792 1193 1852 de-

146 1898 254 1984 pofito
275 1917 347 1972 eum
368 1897 584 1959 fraudaueraut
604 1898 811 1980 docueratque
834 1919 887 1959 eor
903 1913 1021 1958 <certam
1047 1919 1189 1978 poenam

152 2006 278 2076 daturos
299 2000 358 2063 elle
379 2007 514 2084 periurii.
557 2003 634 2064 Inde
658 2003 806 2064 deductus
830 2004 931 2064 fuerat
951 2005 990 2064 ad
1011 2005 1191 2087 colligenda

151 2111 285 2182 oracula,
306 2129 455 2191 quaeper
476 2109 605 2190 spatium
623 2110 707 2170 mille
724 2129 876 2171 annorum
889 2111 1010 2190 prodita
1026 2126 1127 2183 erant,
1154 2128 1189 2171 et

150 2231 297 2302 euentus,
325 2235 402 2297 quos
425 2215 476 2273 illa
498 2213 676 2278 habuerant.
724 2216 810 2275 Haec
832 2214 933 2276 saltem
951 2221 1032 2276 inter
1054 2215 1083 2276 se
1107 2239 1188 2300 quo·

151 2320 317 2384 dammodo
340 2323 540 2379 conueniunt.
592 2321 632 2380 At
654 2320 761 2380 Suidas
784 2336 836 2381 aut
858 2321 937 2381 male
962 2321 1109 2402 exscripta
1131 2297 1186 2384 aut

149 2427 336 2508 interpolata
357 2423 490 2485 subiicit:
512 2413 578 2488 alra
599 2420 718 2502 συνάγει
742 2420 787 2490 lul
808 2425 917 2506 χιλίαν
933 2426 1007 2490 ἐτῶν
1026 2425 1186 2511 χρησμοιὶς

150 2530 430 2601 οἷτοτελεσθὲντοις.
449 2530 491 2591 da
506 2531 647 2595 oraculis
658 2553 721 2614 per
735 2531 824 2589 mille
838 2552 1002 2591 annorum
1013 2533 1187 2614 decursum

150 2655 270 2701 attentat
291 2637 453 2721 probatis,
478 2637 589 2698 scilicet
604 2637 656 2698 luo
671 2653 700 2697 vt
715 2636 861 2719 quodque
878 2653 1019 2719 tempore
1036 2660 1186 2704 euentum

149 2747 300 2818 habuerit,
328 2760 360 2804 vt
382 2742 465 2805 orlut
485 2744 565 2804 forte
587 2740 660 2803 ellat
678 2742 788 2804 librum
809 2745 883 2804 inde
905 2744 943 2804 ab
959 2748 1184 2828 Argonauticis,

148 2857 302 2937 sequutus
329 2855 362 2910 in
390 2847 449 2912 hoc
476 2865 541 2914 crat
566 2848 749 2931 Euphorion
775 2849 913 2931 exempla
940 2852 1087 2925 aliomm,
1131 2860 1184 2939 qui

148 2954 306 3047 χρησμοῦο
329 2958 532 3039 collegerant:
570 2960 652 3016 inter
671 2976 748 3042 quos
762 2953 962 3017 Philochorus
980 2958 1053 3033 luit,
1083 2961 1183 3024 Atthi-

149 3070 206 3129 dos
234 3067 376 3145 scriptor,
412 3065 526 3133 ἐντοῖς
548 3063 617 3145 τερ)
646 3060 790 3143 μαντικῆς
810 3056 853 3124 Δ’.
878 3083 927 3142 ap.
952 3064 1105 3126 Plutarch.
1143 3069 1181 3134 de

132 3173 238 3258 thth.
254 3173 344 3232 Orac.
360 3173 471 3251 p.>403
489 3170 524 3228 E.
568 3165 851 3250 Sequiturinfine:
880 3169 938 3236 stul
958 3170 990 3234 δὲ
1011 3172 1125 3253 βιβλία
1146 3175 1178 3238 έ·

146 3273 350 3362 ἐπιγράφεται
373 3277 404 3340 δὲ
424 3274 442 3357 ἦ
464 3275 588 3355 τέμττη
608 3265 714 3352 χιλιοές
735 3273 805 3357 περι*
824 3272 985 3356 χρησμῶν,
1014 3274 1052 3346 ὥς
1072 3278 1181 3360 χιλίων

146 3383 220 3449 ἐτῶν
239 3378 462 3445 οὶτοτελοῢνται.
488 3381 592 3438 ultima
614 3377 693 3437 male
715 3376 752 3436 ab
775 3379 995 3459 interpolatore
1017 3382 1176 3446 accellere.

148 3491 293 3550 Ceterum
315 3485 391 3546 haec
413 3487 469 3545 viri
492 3484 574 3544 docti
593 3487 634 3543 ita
656 3483 862 3562 accipiebant,
894 3500 929 3544 vt·
947 3507 1025 3570 opus
1049 3489 1125 3553 illud
1145 3495 1180 3552 iu

144 3600 284 3681 quinque
307 3591 462 3653 Chiliadea
486 3589 614 3649 diuisum
635 3604 798 3668 putarent,
827 3610 956 3674 quarum
978 3599 1086 3675 quinta
1109 3596 1181 3681 ’περὶ

147 3699 293 3786 χρησμῶν
314 3697 454 3778 inscripta
471 3693 552 3758 ellat.
594 3696 634 3755 ht
656 3696 796 3775 Toupius
811 3691 956 3769 Χιλιιίδας
977 3721 1056 3780 opus
1077 3699 1180 3762 statuit

146 3805 296 3868 diuersum
312 3799 398 3863 luille
413 3823 430 3861 a
444 3801 622 3883 Mopsopia:
644 3805 784 3883 quintum
804 3801 915 3863 librum
936 3806 1008 3888 περ)
1028 3808 1179 3891 χρησμῶν

144 3913 321 3993 inscriptum
341 3905 437 3970 suilla.
487 3911 519 3970 Si
546 3924 650 3968 tamen
676 3908 760 3967 mille
787 3906 818 3967 hi
844 3912 918 3969 anni
945 3915 1062 3992 quinto
1091 3915 1178 3974 libro

144 4039 262 4083 nomeu
282 4009 417 4097 χιλιάδος
437 4015 567 4076 dedere:
602 4014 682 4074 vnde
706 4013 817 4095 quaeso
842 4033 975 4098 quatuor
994 4022 1088 4076 ceteri
1106 4007 1180 4077 libri

144 4125 206 4188 hoc
228 4126 310 4185 idern
330 4120 509 4180 chilindam
529 4141 645 4184 nomeu
666 4117 824 4180 habuere?
866 4137 918 4181 aut
948 4123 1040 4205 quale
1071 4144 1181 4184 earum

144 4246 359 4317 argumentum
387 4225 473 4290 luille
502 4228 653 4303 dicemus,
695 4226 781 4311 quod
808 4229 1025 4293 a‘ruillenario
1046 4251 1181 4294 numero
