2692 4914
189 314 196 324 ·
264 329 338 381 ω
476 310 519 384 Ρ.
543 309 787 387 vfflonn
822 267 1083 393 Mtuoms

264 500 355 556 uiam
371 496 541 558 Volurnuii
553 500 727 580 Eutrapeli
740 500 858 560 liberto
871 501 955 582 effet.
1003 503 1101 588 Quod
1115 522 1188 562 enm
1199 502 1295 583 sem'

260 591 380 687 'poffitt
431 602 517 664 illud
536 604 695 678 alterum,
731 605 838 688 quod,
881 608 923 668 de
952 625 1132 693 temporum
1162 612 1295 667 ratione

253 712 387 789 securi,
411 709 614 770 contendunt
638 732 679 768 ex
703 713 816 771 Seruio
839 713 887 774 ad
904 737 935 774 n.
956 738 983 788 1,
1020 738 1093 775 eam
1112 732 1294 798 propterea

244 833 250 842 “
267 819 401 879 Gallum
419 815 608 895 destituiffe,
638 816 730 897 quod
742 819 927 880 Antonium
948 821 996 881 ad
1010 822 1139 882 Gallias
1161 838 1293 880 euntem

253 928 402 1009 sequuta
424 923 518 1004 effet,
552 943 617 1005 qno
637 942 669 981 v.
688 925 805 1008 zesqq.
827 931 868 1004 46
874 929 950 1010 sqq.
985 933 1153 1001 referunt,
1184 927 1291 1010 fldem

262 1055 330 1092 uon
352 1030 460 1090 liabet.
525 1029 612 1088 Nam
637 1031 784 1109 primum
803 1033 973 1093 Antonius
995 1035 1201 1116 Cytheridem
1222 1037 1290 1090 iam

263 1155 344 1200 onte
358 1159 419 1217 7⁰9
441 1134 629 1213 dimiserat:
653 1133 803 1216 adeoque
820 1153 898 1198 ante
912 1141 951 1199 id
964 1157 1107 1223 tempus,
1128 1162 1193 1224 quo
1209 1139 1291 1196 liaeo

258 1244 332 1329 post
354 1244 498 1324 reliquas
520 1261 631 1299 omnes
653 1240 766 1319 ecloga
782 1245 890 1319 scribi
912 1252 1041 1328 potnit:
1075 1270 1116 1307 ea
1138 1249 1225 1305 enim
1249 1244 1291 1302 de

134 1410 137 1415 ,
261 1373 299 1412 re
312 1354 380 1410 iam
395 1350 561 1409 Ciceronis
572 1347 713 1426 Pltilipp.
727 1350 772 1415 II,
788 1352 837 1421 28,
854 1354 879 1426 §.
896 1355 935 1432 69
957 1354 1047 1413 locus
1063 1353 1113 1429 est,
1149 1353 1290 1411 Decima

260 1472 374 1517 autem
395 1454 479 1513 liaeo
498 1454 611 1530 ecloga
626 1467 781 1531 ance717
809 1458 868 1514 uix
877 1458 1007 1535 scripta
1026 1457 1087 1535 est,
1119 1473 1156 1516 nt
1172 1458 1288 1536 perillo

179 1535 201 1649 ’χ
256 1562 330 1649 post
348 1560 540 1621 videbimus.
597 1557 731 1618 Deinde
753 1581 832 1619 nero
853 1564 1028 1630 iis·annis,
1067 1563 1184 1646 quibus
1206 1563 1288 1621 leaeo

207 1712 211 1728 .
260 1669 376 1747 ecloga
394 1667 524 1748 scripto
547 1664 609 1744 effe
627 1665 750 1746 potest,
785 1667 953 1727 Antonius
978 1673 1013 1727 in
1036 1672 1188 1738 Oriente,
1220 1689 1289 1726 nori

258 1779 296 1838 in
313 1774 442 1845 Gallia,
456 1775 540 1854 frtit.
586 1772 679 1854 Quae
701 1775 812 1831 omnia
833 1772 930 1832 docte
948 1774 1183 1853 demonstrauit
1197 1778 1289 1833 Mar·

259 1889 319 1948 tin.
342 1880 391 1943 ad
407 1901 439 1939 n.
460 1901 509 1939 22.
567 1878 681 1959 Neque
703 1879 796 1958 ferri
826 1880 932 1958 potest
963 1879 1087 1962 doctrff.
1109 1884 1289 1960 Morgagni

259 1990 401 2073 (opusc.
420 1984 549 2063 miscell.
569 1986 601 2042 Τ.
615 1986 676 2051 III,
692 1983 778 2065 epist.
792 1986 912 2045 Aemil
923 1989 999 2069 pr.)
1016 1991 1200 2066 sententia,
1218 1990 1286 2070 qui,

259 2118 332 2157 eum
351 2095 500 2154 Seruium
518 2090 786 2170 amplecteretur,
806 2106 839 2150 et
851 2094 995 2153 Antonii
1009 2098 1045 2153 in
1062 2094 1190 2154 Gallias
1207 2115 1287 2176 pro·

249 2204 435 2286 sectionem
456 2198 604 2279 aliquam
618 2198 894 2277 circumspiceret,
916 2200 1009 2258 illam
1029 2205 1184 2275 arripuit,
1208 2221 1286 2259 oum

260 2305 476 2391 Quaesturam
495 2305 619 2362 Romae
635 2301 786 2382 petiiffet,
809 2319 842 2363 et
861 2304 940 2364 inde
960 2306 1008 2366 ad
1020 2308 1203 2385 Caesarem,
1227 2309 1286 2389 qni

257 2415 384 2475 eumin
409 2408 528 2470 Galliis
548 2408 666 2467 bellum
684 2409 838 2487 gerebat,
881 2411 1025 2481 rediret,
1057 2434 1215 2496 quaeres
1236 2410 1286 2471 ad

255 2538 382 2579 anniam
397 2535 458 2594 702
487 2516 642 2596 Pompeio
665 2517 733 2592 Cost
744 2516 816 2591 fine
838 2518 969 2597 Collega
991 2519 1166 2599 referenda
1188 2519 1283 2599 effet:

256 2621 348 2710 quod
372 2622 454 2704 steri
487 2642 554 2679 non
589 2620 713 2701 potest,
745 2621 779 2697 st
803 2625 928 2704 Ecloga
957 2626 1039 2684 liaeo
1064 2629 1179 2685 vltimo
1209 2626 1281 2684 Ioco

245 2733 376 2814 scripta
403 2729 463 2808 est,
508 2742 546 2786 vt
572 2727 683 2804 versus
706 2731 833 2807 primus
852 2730 1010 2792 declarat.
1065 2735 1282 2799 Fontaninns,

254 2842 309 2901 vir
329 2839 425 2915 longe
444 2831 655 2911 doetiffimus,
696 2838 732 2893 in
753 2834 833 2913 Hrst.
855 2839 917 2898 litt.
940 2839 1085 2921 Aquilei.
1114 2861 1147 2918 p.
1172 2841 1212 2900 28
1242 2837 1283 2897 de

248 2948 341 3028 friga
358 2943 502 3004 Antonii
522 2941 694 3019 intelligit,
736 2962 811 2999 enm
830 2943 879 3002 ad
895 2946 1059 3005 Μιιιίνιαιη
1083 2967 1143 3026 711
1174 2948 1281 3003 vietus

253 3055 290 3114 in
321 3049 467 3111 Galliam
488 3049 676 3107 ulteriorem
692 3046 735 3124 se
762 3051 939 3131 reciperet,
980 3068 1013 3111 et
1031 3054 1077 3111 M.
1100 3050 1282 3111 Aemilium

254 3154 415 3239 lepidum
429 3152 494 3230 fibi
517 3157 675 3232 iungeret.
720 3154 786 3214 Sed
803 3172 841 3214 nt
859 3158 930 3216 alia
947 3179 989 3216 ue
1009 3179 1202 3230 memorem,
1225 3178 1281 3216 ne·

256 3283 321 3347 que
342 3277 411 3321 tum
434 3258 613 3341 quidquam
633 3258 682 3319 ad
697 3261 845 3321 thenum
863 3261 988 3341 gestum
995 3261 1007 3333 ,¹
1042 3286 1138 3347 quem
1161 3285 1283 3325 memo·

256 3383 312 3429 rat
331 3381 433 3448 poeta
455 3385 486 3423 v.
500 3369 551 3442 45.
608 3367 786 3427 Enimuero
807 3390 875 3427 non
897 3370 956 3443 nist
975 3391 1063 3430 anno
1089 3393 1150 3449 717
1183 3373 1224 3432 V.
1245 3373 1280 3430 G.

253 3477 401 3540 ineunte,
423 3472 470 3529 Μ.
482 3471 647 3550 Agrippa,
666 3475 702 3535 L.
718 3474 859 3535 Caninio'
873 3474 971 3535 Gallo
988 3479 1077 3557 Goffi,
1099 3478 1143 3535 ab
1157 3478 1282 3560 Agrip-

252 3601 300 3663 pa
323 3577 391 3654 Cqfi
413 3580 576 3635 exercitus
589 3579 757 3637 Romanus
778 3584 814 3638 in
839 3581 967 3641 Gallias
990 3582 1107 3642 deictus
1129 3585 1282 3644 thenum

254 3687 396 3746 transiit.
420 3703 449 3743 v.
472 3683 539 3740 Dio
562 3684 714 3752 XLVIII,
738 3707 764 3750 c.
777 3696 829 3766 49.
864 3691 951 3770 conf.
965 3691 1101 3749 Martie.
1125 3690 1175 3749 ad
1193 3693 1283 3752 Itane

252 3792 366 3868 Eclog.
376 3804 409 3847 et
419 3788 501 3848 Vita
509 3789 602 3866 Virg.
614 3790 662 3848 ad
673 3811 704 3848 a.
715 3812 775 3871 7¹7
783 3815 795 3862 ,·
818 3815 890 3852 oum
906 3816 969 3875 quo
985 3801 1130 3855 exercitu
1145 3800 1282 3879 Lycoris

253 3898 391 3958 militem
412 3896 556 3976 aliquem
568 3896 668 3977 sequi
684 3901 811 3976 potuit,
840 3898 917 3959 dum
940 3904 1067 3959 interea
1083 3903 1201 3964 Gallus
1211 3905 1284 3981 sub

253 4000 402 4082 Augusto
431 3999 480 4060 ad
504 4004 722 4082 Pompeianas
748 4005 860 4086 elaffes
888 4009 931 4066 ab
964 4009 1084 4068 Italiae
1111 4010 1284 4073 littoribue

253 4108 415 4172 arcendas
435 4111 471 4166 in
493 4111 596 4166 armis
616 4109 709 4190 affec,
744 4115 863 4170 autin
883 4115 953 4173 alia
975 4117 1184 4197 expeditione
1208 4140 1284 4178 ver-

243 4219 391 4296 saretur.
433 4219 488 4277 Ita
509 4214 664 4297 expedito
682 4217 726 4297 est
738 4218 912 4297 sententia
929 4224 1105 4306 'versuumt
1140 4225 1193 4285 Tu
1208 4245 1287 4307 pro·
