2700 4906
150 329 226 404 526
362 302 978 402 P.V1RG1L11MARON18

151 522 240 592 Non
253 538 312 587 res
327 515 539 602 Romanae,
562 514 802 611 perituraque
817 531 952 606 regnem
973 530 1105 607 neque
1118 503 1185 593 ille,

152 655 228 748 Aut
246 649 367 722 doluit
386 646 557 720 miserans
578 649 749 746 inopem,
780 659 846 713 aut
866 641 1006 714 inuidit
1027 640 1185 715 habenti

153 789 261 884 Quos
276 788 369 855 rami
383 779 542 869 fructus,
574 803 669 879 quos
690 775 765 877 ipsa
788 776 955 852 volentia
976 802 1068 849 rura
1118 774 1186 848 500

166 968 169 975 ¹
226 985 279 1054 498
299 1002 341 1035 rer
362 983 507 1034 comanae
526 977 647 1031 Reisldue
667 976 839 1038 emendabat,
865 976 893 1030 ld
912 974 968 1039 est,
1006 979 1135 1030 Armenm
1149 970 1185 1026 rel

154 1067 308 1128 Parthian
341 1085 401 1118 cum
423 1065 560 1136 indignum
575 1078 668 1136 poeta,
690 1063 833 1135 etquidem
848 1064 989 1122 Romano,
1016 1061 1063 1124 fir,
1088 1081 1185 1134 rempu-

153 1153 251 1208 blicam
264 1153 413 1205 Romanam
432 1158 559 1220 pertturo
581 1168 670 1220 regna
686 1147 824 1220 appellare.
861 1150 932 1201 conf.
949 1148 1064 1200 Notum.
1103 1145 1185 1200 Simile

155 1240 209 1294 lero
229 1255 339 1291 acumen
358 1235 501 1305 arguuentis
519 1234 692 1287 Grummntici
718 1233 756 1287 est
782 1234 852 1305 apud
876 1233 1012 1287 liulininn.
1037 1232 1073 1286 de
1096 1231 1183 1287 [oltem-

153 1326 234 1385 Dirn.
252 1339 311 1394 pag.
326 1321 391 1388 267,
415 1321 460 1392 qui
479 1319 568 1371 locum
589 1320 655 1371 inter
675 1337 717 1372 eas
730 1318 823 1390 figures
839 1319 933 1381 refert,
957 1338 1020 1372 cum
1042 1320 1126 1373 dicere
1138 1336 1184 1371 mr·

153 1398 245 1463 nili-lle
264 1423 356 1477 purum
375 1421 461 1458 tutum
480 1401 531 1458 elle
563 1403 674 1456 noluill'e
692 1405 757 1457 edeo
779 1405 919 1476 Virgilium
944 1405 1047 1457 dicere:
1068 1407 1132 1458 Non
1146 1425 1182 1457 m

154 1498 302 1559 Romanae
319 1485 470 1560 periturae.
551 1500 603 1561 499
622 1491 757 1560 miseram
784 1506 832 1543 aut
859 1510 918 1544 non
946 1491 1058 1544 inuidit
1076 1490 1181 1554 zubeli,

154 1598 186 1636 ex
205 1575 417 1651 interpolatione.
487 1576 537 1632 500
557 1577 689 1631 valentia
708 1577 773 1634 Ven.

148 1753 267 1816 ¹'domiti
283 1749 361 1823 sunt,
382 1751 528 1832 littusque
549 1746 652 1809 collel-
736 1755 808 1829 499.
838 1769 946 1830 neque
965 1748 1024 1807 ille
1042 1745 1115 1807 Aut
1131 1745 1182 1807 do-

154 1859 192 1919 lis
209 1855 336 1917 etvello
356 1857 509 1914 munitum
531 1848 582 1912 est.
613 1851 650 1910 cf.
694 1851 757 1909 luit
783 1850 903 1930 (dolet)
935 1851 1097 1927 miseram
1118 1855 1182 1910 ino-

156 1963 286 2022 Sueton.
308 1958 419 2016 Oeten.
443 1978 469 2015 c.
492 1976 541 2013 21.
592 1954 652 2013 Ce·
691 1973 785 2034 pem,
813 1967 875 2010 artc
895 1951 1022 2011 inuidit
1042 1953 1181 2028 laedenti,

154 2079 256 2123 temm
270 2061 451 2139 Epicureum
471 2055 651 2136 sapientiam
692 2075 758 2114 non
775 2054 885 2114 duritie
907 2070 939 2114 et
954 2056 1073 2116 ferocia
1087 2060 1182 2128 enimi,

157 2166 196 2224 eb
218 2165 304 2224 omni
325 2158 483 2239 republica
510 2155 650 2216 homines
694 2173 745 2218 eut
776 2159 878 2217 Stoice
915 2157 1021 2239 ulique
1058 2158 1182 2240 upethir,

157 2259 313 2332 uuocess'e‚
349 2281 400 2332 res>
418 2257 460 2318 est
485 2257 550 2318 letis
575 2273 650 2317 nota
693 2280 773 2342 quae
794 2259 893 2331 mele,
930 2260 1082 2322 eSeruio
1104 2262 1181 2333 inde,

154 2367 205 2426 vel
228 2385 266 2424 ex
287 2362 445 2422 Ciceronis
470 2360 650 2442 disputatio-
692 2360 752 2422 huc
767 2361 947 2433 aduocatum
977 2360 1032 2421 led
1054 2385 1114 2424 nec
1134 2365 1182 2426 do·

153 2466 254 2531 nibus.
691 2464 734 2524 let
761 2484 820 2522 nec
849 2464 988 2536 inuidet,
1038 2467 1124 2548 quod
1154 2471 1183 2525 in

691 2586 766 2648 agro
784 2582 921 2626 remotus
944 2565 983 2626 eb
1006 2573 1095 2627 omni
1116 2589 1183 2648 pan·

217 2671 292 2750 498.
336 2668 490 2749 peritura
534 2684 649 2743 regna,
689 2689 798 2747 perum
835 2668 954 2728 miseria
993 2685 1027 2728 et
1061 2671 1183 2730 diuitum

155 2795 236 2858 queo
264 2787 415 2854 pereunt,
449 2766 579 2844 afflicte3
616 2772 648 2826 in
689 2771 761 2829 luxu
790 2791 825 2830 ec
858 2770 935 2831 folin
971 2778 1111 2832 animum
1146 2771 1180 2832 eb

152 2876 260 2959 prole:
319 2894 486 2957 regnorum
529 2875 646 2942 miuus,
691 2876 775 2932 omni
803 2873 1038 2953 perturbatione
1059 2895 1180 2936 vacuum

154 2976 340 3050 cuerfiones,
368 2978 508 3035 interitus
531 2974 575 3033 nil
598 2994 648 3031 cu·
691 2973 804 3034 habere
829 2975 937 3054 potest.
990 2979 1124 3059 Copiose
1150 2979 1180 3037 il·

153 3097 220 3163 ret3
253 3095 329 3163 quot
350 3083 433 3139 enim
461 3096 555 3157 regne
582 3095 647 3134 non
689 3076 790 3137 lustrat
804 3079 908 3138 locum
922 3083 1026 3142 Burni.
1061 3084 1178 3141 Docent

151 3184 239 3243 fuere
277 3181 389 3241 sublata
429 3201 446 3238 e
485 3180 646 3238 Romanis!
691 3178 751 3238 hoc
771 3183 1004 3244 antecedentia:
1041 3205 1108 3243 non
1123 3205 1177 3263 po·

153 3305 207 3341 res
233 3286 404 3341 Romanae
431 3281 649 3362 intelligendae
686 3283 760 3362 puli
773 3284 887 3362 fasces
908 3302 985 3358 etc.,
1025 3307 1119 3367 quos,
1147 3289 1175 3343 in

157 3381 373 3445 vicillitudines
396 3397 427 3442 et
448 3382 570 3441 lortune
593 3388 649 3440 im·
690 3406 764 3465 agro
785 3389 837 3466 qui
861 3387 961 3468 degit,
999 3408 1068 3449 non
1090 3388 1174 3454 videt,

152 3491 230 3569 perii
253 3486 396 3546 Romani.
445 3483 523 3542 Sunt
546 3499 646 3543 eutem
689 3488 822 3569 ideoque
839 3509 898 3548 nec
914 3505 1015 3559 curat,
1048 3495 1114 3571 quis
1132 3488 1174 3547 ille

154 3587 231 3648 haec
246 3587 477 3646 accommodate
493 3586 531 3644 ad
548 3584 647 3668 hypo·
689 3589 799 3668 opibus
821 3589 876 3649 suis
897 3606 929 3650 et
944 3590 1062 3653 ortibus
1079 3589 1174 3653 coule-

152 3688 250 3751 rhefin
266 3691 399 3770 Epicuri,
425 3704 455 3747 et
479 3692 557 3748 intre
581 3693 646 3748 eius
688 3707 806 3774 quatur.

153 3795 263 3877 plenite
291 3793 477 3870 accipiendo.
521 3793 646 3874 Alioqui

152 3901 235 3958 enim
244 3939 255 3969 ,
278 3900 310 3954 in
331 3899 398 3952 ciue
412 3895 566 3965 Romano,
589 3899 645 3953 im·
742 3899 804 3959 500
824 3929 867 3942 -
887 3894 960 3958 503·
1005 3899 1173 3958 Praeiuerat

150 4003 236 4082 pium
263 3996 320 4059 hoc
347 4012 376 4056 et
401 3995 574 4055 sceleratum
597 4000 644 4058 fo·
685 4001 805 4058 Lucret.
836 4000 883 4069 V,
915 4002 977 4076 935
1028 4006 1171 4076 (notante

150 4119 215 4173 ret,
257 4098 442 4184 reipublicae
465 4099 577 4164 sortem
598 4104 643 4164 nil
685 4101 897 4168 Macrob.VI‚
920 4124 930 4160 r
950 4107 1045 4182 extr.)
1083 4097 1173 4183 Quod

152 4224 267 4266 curere.
673 4205 734 4287 sol
747 4221 847 4290 atque
862 4204 983 4265 imbres
1004 4205 1170 4270 dederant,
