2692 4914
446 315 526 397 ¹IN
562 315 866 396 GEORGICA
951 344 955 351 ·
1104 307 1178 387 263

147 518 245 590 inde
268 510 324 612 est
342 512 544 612 opinio*),
588 536 711 611 quam
726 527 850 609 poeta
872 505 951 608 ipso
966 501 1104 605 feciffe
1120 511 1179 577 vi-

148 640 287 714 detur,
334 635 433 705 dum
448 632 499 730 se
522 628 718 705 Ascraeum
748 652 898 702 carmen
925 629 1093 698 Romana
1110 651 1178 727 per

145 753 287 856 oppida
310 777 446 828 cancre
469 755 529 823 ait
544 751 613 825 Ge.
630 752 673 838 Π,
698 750 781 844 176,
813 773 918 848 quae
938 747 1023 845 ipsa
1042 773 1101 819 res
1119 748 1179 820 ad

123 893 264 948 ‘tanto
286 877 483 944 maiorem
507 875 589 943 eius
613 869 790 970 gloriam
812 870 1026 966 pertinuit.-
1074 892 1179 937 oom-

144 998 364 1095 paratione
395 995 500 1063 enim
532 994 613 1062 eirts
649 989 708 1059 od
744 985 958 1082 Hestodum
984 982 1177 1080 instituto,

148 1113 253 1185 nihil
281 1110 444 1190 exilius,
500 1113 687 1187 ieiunius,
742 1122 779 1178 et
808 1106 960 1178 aridius
989 1103 1177 1202 Hefiodo,

150 1232 256 1308 nihil.
275 1229 465 1329 copiosius
482 1247 521 1300 et
532 1228 688 1328 plenius
710 1225 893 1326 Virgilio.
950 1229 1028 1324 Qui
1043 1242 1179 1298 tamen

148 1353 223 1424 hoc
253 1354 408 1450 primus
442 1347 681 1446 affirmauit,
726 1372 816 1418 eum
846 1373 926 1419 non
955 1347 1179 1419 admodum

149 1487 345 1544 recentem
368 1467 420 1540 ab
443 1465 605 1562 Hesiodi
626 1466 794 1538 lectione
805 1464 927 1564 surffe
946 1463 1091 1563 neeesse
1112 1463 1177 1563 est.

156 1592 238 1662 Vix
271 1593 378 1661 enim
413 1592 455 1659 in
487 1584 608 1660 tribus
637 1603 710 1657 aut
736 1603 907 1685 quatuor
931 1586 1026 1657 locis
1045 1584 1179 1680 Hrfio·

153 1712 253 1781 deae
262 1708 489 1806 sententiae
496 1706 596 1803 sunt
617 1701 834 1804 expreffae;
878 1709 1098 1775 carminum
1122 1708 1182 1801 ip-

145 1829 282 1924 soram
296 1827 442 1922 forma
460 1853 541 1897 non
563 1830 746 1897 conuenit
753 1853 767 1911 ,·
802 1825 960 1920 diuersa
979 1828 1181 1922 cariusque

156 1966 321 2026 natura,
357 1945 533 2042 diuersus
552 1949 711 2046 genius,
747 1943 945 2040 diuersum
965 1941 1178 2038 confilium.

158 2064 342 2160 Hesiodus
367 2091 448 2137 non
480 2065 699 2164 Georgica,
750 2063 788 2134 h.
804 2088 836 2134 e.
870 2043 921 2133 de
949 2091 993 2136 re
1018 2060 1179 2159 rustico,

153 2181 298 2283 scripsit
327 2200 400 2253 out
422 2182 598 2280 scribere
627 2183 775 2262 voluit,
812 2181 892 2278 sed
917 2190 1036 2256 totius
1069 2188 1180 2258 vitae

164 2300 414 2400 domesticae,
451 2303 580 2400 qualis
601 2317 686 2372 tum
709 2319 815 2379 erat,
858 2307 1092 2375 coniunctae
1099 2304 1181 2402 sci-

148 2422 246 2494 ,licet
265 2421 373 2493 illius
390 2419 459 2491 ael
475 2425 652 2492 maxime
673 2446 763 2491 oum
787 2418 1088 2521 agricolatione,
1115 2452 1182 2496 ra·

165 2547 279 2615 tiones
310 2542 491 2621 tradere,
530 2541 772 2640 prudentiae
808 2545 940 2611 etiam>
958 2560 995 2614 et
1026 2570 1181 2632 morum

162 2676 366 2758 praecepta
384 2686 615 2759 proponere.
673 2660 792 2759 Quod
812 2676 948 2729 autem
961 2662 1181 2757 Ascraeum

167 2805 318 2852 carmen
340 2779 516 2878 appellat
535 2780 658 2876 suum
689 2804 785 2879 opus
808 2778 1017 2876 Virgilius,
1062 2784 1108 2852 id
1132 2809 1180 2853 eo

162 2905 341 2996 pertinet,
373 2901 483 2998 quod
506 2903 547 2968 in
557 2897 685 2996 fimili
699 2899 791 2993 fere
810 2923 953 2995 genere
973 2897 1077 2969 illud
1096 2926 1181 2970 ver·
1222 2883 1226 2892 ¹

158 3018 285 3113 satur,
336 3045 417 3089 riori
453 3020 563 3117 quod
597 3046 647 3088 eoo
682 3013 874 3109 Hefiodeo
903 3020 1073 3113 petitum
1110 3034 1184 3088 aut
1236 3012 1237 3016 ¹

164 3139 449 3238 tramscrrptum
472 3140 619 3208 autad
646 3141 726 3207 eius
741 3135 927 3231 formam
948 3132 1001 3232 est
1023 3163 1180 3237 compo-

157 3255 277 3350 situm.
340 3252 472 3352 Potest
493 3258 653 3357 quidem
679 3254 821 3353 aliquis
846 3259 888 3326 in
916 3283 1005 3327 eom
1031 3261 1183 3355 opinio·

165 3404 246 3449 nem
267 3377 423 3449 adduci
430 3428 444 3455 ,
492 3395 612 3476 atque
639 3381 681 3446 in
709 3401 800 3446 eom
823 3380 909 3445 iam
929 3379 1037 3447 Dan.
1060 3380 1183 3450 Hein-

160 3495 255 3590 stum
280 3497 434 3569 Introd.
459 3498 518 3566 od
536 3493 692 3590 Hefiod.
717 3503 788 3578 c.4
821 3492 964 3594 vemffe
981 3486 1180 3587 video**),

165 3633 291 3690 aeaut
314 3616 521 3714 quoddam
545 3614 680 3691 aliud,
712 3631 785 3685 aut
805 3613 899 3694 hoc,
937 3616 1048 3714 quod
1063 3615 1183 3690 liabe-

190 3813 309 3885 Mpud
334 3810 499 3866 Macrobium
529 3828 649 3884 quoque:
725 3811 761 3877 ⁴⁴)
780 3811 958 3886 IoLScaliger.
975 3814 1020 3888 qui
1033 3811 1065 3868 nd
1078 3813 1182 3869 Manilii

169 3893 213 3952 Sa.
221 3900 257 3959 V,
265 3917 287 3970 a
303 3901 651 3966 Dtcturumnemeputatts
692 3894 780 3951 locum
794 3900 863 3954 hanc
882 3901 1032 3954 sententiam
1050 3899 1183 3973 improba·

170 4001 203 4044 ea,
222 3985 555 4055 quaevulgonotasunt,
573 3980 651 4055 quod
693 3983 750 4046 bat,
775 3986 811 4040 ita
827 4003 913 4039 tumen
935 3987 961 4038 in
984 3985 1065 4039 verbis
1079 3983 1183 4039 Manilii

163 4066 212 4134 sat
237 4070 416 4124 Theocritum
430 4070 537 4142 fecerit
557 4069 652 4141 pasto·
693 4070 831 4131 haerebat,
868 4087 894 4125 vt
917 4090 976 4123 eum
997 4072 1063 4125 forte
1083 4069 1184 4142 Orphei

171 4160 233 4210 ralis
263 4163 357 4226 operte
383 4174 540 4222 auctorem,
576 4174 653 4209 rura·
690 4153 777 4224 Ἔργα
800 4162 843 4212 καὶ
870 4156 985 4226 Ἡμέρας
1008 4155 1125 4208 Heliodo
1147 4168 1185 4207 ot·

172 4248 201 4303 Its
218 4242 396 4320 Hesiodum?
696 4240 812 4296 uibuiffo
831 4242 988 4296 coniectaret
995 4276 1005 4302 ,
1033 4240 1106 4293 enias
1125 4237 1185 4292 sane
