2692 4914
174 294 289 346 xvrrr
455 315 457 320 -
499 259 894 339 PRAEFATIO

171 489 323 577 pectere
342 465 471 544 velimt
507 470 628 568 primo
651 465 740 543 loco
759 467 932 542 Seruium
938 521 949 559 ,
981 465 1099 541 Probi
1118 465 1211 544 laci-

144 658 148 664 ·
172 613 271 697 nias,
310 627 398 679 cum
420 597 641 703 exscriptore
660 600 757 675 Iulio
772 600 930 692 Sabino,
955 602 1155 675 Donatum
1170 621 1212 677 et

147 806 149 811 .
173 741 457 841 Philargyrium,
506 755 587 810 tum
608 732 800 810 Heiufium
822 753 860 809 et
879 738 1153 828 Burmannum,
1186 761 1210 808 a

145 922 147 927 -
173 873 309 978 quibus
331 891 458 986 tamen
476 870 525 944 ad
545 876 891 972 interpretationem
909 895 1043 970 parum
1064 869 1209 946 fructur

173 1011 288 1101 seras,
329 1004 507 1097 Cardam,
553 1004 710 1080 doctum
739 1024 778 1081 ot
799 1005 1042 1096 laboriosum,
1083 1010 1209 1080 minus

174 1143 273 1221 sorte
289 1138 536 1240 ingeniosum,
562 1144 821 1241 interpretem,
852 1161 1000 1241 praeter
1017 1139 1210 1216 Guellium

133 1318 150 1339 ··
174 1299 214 1358 ct
233 1275 423 1366 Vrsinum,
459 1297 546 1347 cum
567 1276 748 1364 Martino,
794 1273 983 1348 interdum
1005 1277 1210 1350 Catroeum

174 1432 214 1491 et
231 1416 420 1501 Ruaeum,
445 1407 623 1483 euoluere
644 1405 724 1482 satia
745 1407 878 1482 habui:
913 1408 1085 1510 equibus
1107 1433 1210 1484 com·

172 1549 362 1626 menteriia
376 1541 535 1617 multum
552 1566 615 1617 me
625 1539 821 1643 profecisse
833 1569 913 1617 non
925 1542 1075 1634 infitior,
1102 1541 1210 1644 [saepe

39 1668 43 1675 ⁸
172 1682 366 1758 rameniis
386 1682 427 1752 in
445 1677 558 1769 locis,
589 1681 630 1749 in
652 1675 787 1776 quibus
805 1675 882 1777 ipse
906 1677 1117 1770 haererem,
1142 1682 1209 1751 rti-

171 1818 283 1894 litatia
303 1839 453 1916 parum,
480 1810 596 1885 taedii
611 1835 698 1884 vero
718 1810 938 1912 plurimum,
978 1811 1069 1887 inde
1083 1812 1133 1885 ad
1146 1836 1209 1886 me

172 1951 296 2030 redire
316 1943 416 2022 sensi·
466 1941 673 2020 Destitutus
693 1950 794 2020 enim
814 1943 944 2039 abiis,
973 1920 1123 2047 quoties
1143 1972 1209 2023 eo·

172 2109 257 2160 rum
278 2106 431 2183 operam
456 2077 726 2171 desiderabam,
760 2084 801 2153 in
816 2078 913 2173 aliis,
948 2106 1046 2182 quae
1061 2079 1209 2153 nullam

172 2218 319 2293 alienae
345 2219 425 2315 opis
448 2210 669 2290 desiderium
692 2213 894 2307 faciebant,
940 2233 1017 2288 tam
1035 2212 1207 2316 copiosos

173 2377 219 2427 ac
244 2349 378 2423 doctos
404 2371 468 2420 eos
499 2342 573 2420 esse
600 2345 787 2438 videbam,
831 2367 888 2440 vt,
930 2349 1126 2451 quomodo
1148 2367 1209 2424 tot

174 2486 400 2585 elegantium
437 2499 478 2555 ot
516 2499 709 2554 acutarum
746 2481 1047 2557 obseruationum
1081 2483 1208 2560 fructu

172 2614 425 2694 adolescentes
454 2639 527 2690 nec
547 2613 659 2714 plane
678 2620 881 2716 priuatam,
919 2644 994 2694 neo
1016 2644 1105 2693 cum
1129 2637 1207 2694 tae·

172 2753 238 2828 dio
259 2749 443 2840 satiarem,
476 2773 555 2822 non
575 2746 686 2824 facile
713 2755 934 2826 inuenirem.
987 2747 1207 2827 Offendi-ad

172 2889 246 2963 alia
265 2911 382 2988 praue
402 2902 573 2985 accepta,
599 2884 697 2959 male
712 2883 892 2984 expolita,
919 2904 984 2959 aut
1000 2884 1206 2979 obscurata,

173 3021 385 3126 quaemihi
407 3016 488 3092 satis
510 3017 608 3092 clara
627 3043 674 3093 ao
691 3016 883 3119 perspicua
903 3017 973 3095 visa
995 3041 1119 3116 erant,
1153 3027 1206 3099 ita

171 3176 211 3234 rt
232 3154 421 3231 interdum
444 3150 638 3244 nescirem,
683 3155 724 3225 in
744 3178 857 3254 quam
876 3174 1021 3253 partem
1040 3181 1104 3232 me
1124 3182 1207 3232 ver-

172 3310 311 3382 terem;
350 3283 629 3361 illustrationem
654 3288 754 3360 enim
773 3285 868 3362 haec
900 3313 923 3360 a
950 3315 1013 3364 me
1043 3289 1206 3391 postula·

133 3459 139 3477 ··
171 3423 274 3514 bant,
298 3446 348 3493 an
370 3444 458 3495 vero
480 3445 542 3510 ea,
567 3443 664 3518 quae
684 3423 806 3493 minus
829 3418 928 3496 bene
952 3423 1061 3497 allata
1086 3447 1204 3520 eraut,

171 3555 381 3635 refellerem
396 3552 622 3627 dubitabam.
674 3551 731 3626 Ab
752 3553 825 3629 hac
838 3560 939 3631 enim
956 3556 1207 3638 illiberalitate

172 3697 354 3769 intactum
374 3707 504 3788 pectus
528 3688 671 3790 semper·
686 3687 818 3782 habui,
856 3709 896 3764 vt
911 3689 1124 3768 refellendis
1139 3715 1206 3770 aut

173 3823 364 3904 elenando
389 3823 546 3896 aliorum
576 3822 683 3898 dictis
710 3822 900 3923 indignam
932 3845 971 3901 et
998 3827 1204 3927 ignobilem

172 3959 329 4063 gloriam
345 3977 543 4059 captarem.
592 3958 714 4032 Multo
730 3964 845 4058 magis
860 3959 1037 4034 abhorrui
1051 3963 1201 4041 alcedo

149 4152 152 4157 -
173 4093 239 4172 illo
262 4118 387 4187 more,
419 4092 673 4175 cauillatioues
694 4091 859 4173 scurriles
879 4114 918 4172 et
933 4099 1203 4176 contumeliosa
