2700 4906
142 351 168 427 4
321 337 398 413 DE
424 334 684 411 CARMINE
711 331 1014 407 BVCOLIGO

138 529 369 628 pretatione
403 528 477 596 vix
515 521 683 621 defungi
705 496 849 618 'officio
872 544 925 588 no
959 542 1005 586 ro
1040 510 1221 586 videbi-1

143 683 253 737 mur,
302 649 375 750 nisi
401 650 451 725 de
478 649 656 724 bucolico
684 652 849 723 carmine
878 641 1065 741 vniuerse
1094 666 1194 712 non·

144 784 262 859 nulla
285 784 574 858 monuerimus,
607 780 756 879 dequo
772 774 812 872 fi
835 771 1194 870 rectesentiamus,

149 910 321 987 dubium
351 937 435 983 non
471 905 542 1007 est,
587 910 685 1007 quin
719 909 763 977 in
806 901 893 1004 ipsis
934 902 994 974 lzis
1030 899 1198 999 Eclogis

148 1041 281 1114 multa
305 1043 450 1112 rectius
476 1064 528 1110 ac
546 1033 719 1134 facilius
738 1032 1018 1133 intelligantur
1043 1044 1082 1100 et
1104 1026 1198 1124 sen-

150 1175 319 1242 tiantur.
376 1167 599 1266 Permagni
620 1166 728 1234 enim
746 1160 888 1258 refert,
931 1174 978 1229 vt
1001 1153 1055 1228 ab
1080 1157 1196 1226 initio

139 1294 290 1396 statim
321 1319 441 1366 veras
477 1317 612 1366 rerum
642 1295 824 1363 notiones
865 1302 904 1359 et
945 1284 1131 1384 aliquam
1157 1287 1200 1354 in

154 1428 294 1497 animo
323 1422 592 1520 informatam
623 1404 806 1492 veritatis
841 1434 880 1488 et
912 1413 1200 1516 pulcritudinis

154 1556 357 1626 rationem
380 1565 419 1622 et
440 1573 651 1629 normam,
702 1548 761 1618 ad
785 1570 907 1647 quarn
929 1541 1098 1645 singula
1121 1546 1202 1613 exi-

153 1706 251 1783 gere
265 1675 404 1780 poffis,
426 1672 587 1780 afferas.
644 1675 690 1748 V
683 1678 728 1747 im
745 1690 885 1746 autem
906 1672 1025 1744 aliud
1045 1667 1101 1769 est
1116 1697 1203 1744 car·

157 1811 276 1880 minis
304 1831 451 1909 genus,
509 1810 557 1902 'in
596 1806 707 1875 cuius
744 1819 898 1874 natura
927 1796 1205 1899 constituenda

160 1937 267 2008 adeo
297 1938 342 2005 in
369 1932 547 2032 diuersas
562 1933 787 2032 sententias
815 1927 1009 2011 abierint,
1051 1935 1123 2031 qui
1147 1931 1208 2002 ltis

160 2065 214 2136 de
244 2058 358 2134 rebus
392 2062 673 2146 tradiderunt;
718 2086 848 2159 neque
877 2059 954 2130 hoc
983 2058 1206 2139 miraberis,

149 2187 190 2286 fi
211 2191 458 2268 memineris,
503 2187 632 2288 ipsum
650 2214 777 2288 genus
804 2188 926 2260 latius
942 2204 1106 2293 patere,
1149 2192 1210 2259 in·

160 2321 323 2420 genium
352 2333 490 2388 autem
520 2322 707 2418 cuiusque
741 2334 781 2390 et
805 2318 1003 2389 iudicium
1043 2322 1211 2390 circum-

150 2442 333 2545 scribere
361 2443 487 2526 illud,
533 2461 805 2546 naturamque
833 2463 871 2519 ct
896 2450 1098 2519 rationem
1124 2442 1212 2519 car·

162 2578 282 2647 minis
308 2600 359 2645 en
375 2571 498 2671 sensu
517 2571 599 2671 suo
620 2573 749 2674 finire
770 2601 821 2647 oc
849 2573 1067 2678 designare.
1127 2578 1212 2651 No-

162 2702 223 2777 bis
250 2720 388 2775 tamen
419 2725 511 2771 cum
541 2700 764 2802 Virgiliani
788 2702 1035 2805 potiffimum
1066 2708 1212 2775 carmi-

164 2837 227 2907 nis
249 2835 356 2903 ratio
386 2827 576 2902 habenda
602 2828 641 2926 fi
665 2882 680 2912 ,
732 2858 782 2903 ea
820 2849 980 2905 tantum
1012 2835 1212 2932 attingere

164 2959 322 3040 licebit,
375 2985 481 3059 quae
507 2957 566 3030 ad
593 2963 676 3030 eius
706 2959 887 3031 indolem
922 2976 961 3032 et
993 2960 1213 3058 artificium

166 3089 466 3166 declarandum
480 3087 664 3189 aliquam
683 3092 769 3161 vim
782 3088 930 3162 babere
945 3090 1176 3162 videantur.

241 3288 298 3358 Et
323 3287 522 3362 Carminis
541 3283 707 3384 quidem
728 3282 910 3376 bucolici,
942 3281 1016 3361 nini
1039 3286 1106 3362 τῶν
1130 3281 1211 3373 βου-

168 3407 296 3502 nitor,
349 3412 461 3513 quod
499 3409 709 3512 pastorum
746 3439 871 3515 genus
904 3410 1211 3514 lioncstzffimam

168 3558 280 3619 erat,
321 3541 440 3621 dicti,
487 3540 526 3611 h.
548 3566 580 3611 e.
608 3539 803 3640 pastoritii,
851 3547 965 3643 origo
988 3546 1106 3614 varie
1130 3559 1210 3613 tra-

169 3670 283 3741 ditur
304 3685 344 3739 et
363 3695 392 3740 a
417 3665 577 3763 diuersa
588 3668 747 3766 sabulis
768 3676 969 3773 repetitur.
1022 3672 1121 3746 Sunt
1140 3673 1210 3772 qui

167 3799 253 3868 eius
274 3800 380 3869 initia
397 3801 440 3868 in
465 3813 601 3868 aetate
622 3826 769 3882 aurea,
803 3802 905 3900 sunt
926 3804 996 3902 qui
1019 3804 1063 3873 in
1080 3801 1209 3896 Arca-

169 3924 243 3996 dia
266 3941 340 3995 aut
363 3926 407 3996 in
426 3924 567 3999 Sicilia
588 3946 799 4025 quaerant.
815 3932 845 4025 *)
895 3931 985 4004 Alii
1002 3948 1210 4003 auctorem

202 4107 228 4171 ⁴)
244 4105 315 4161 Vide
336 4107 443 4162 Seruius
458 4127 498 4180 pr.
517 4109 669 4170 Comment.
713 4113 818 4168 Putsch.
870 4116 1066 4173 Grammaticus
1094 4117 1210 4172 Graecus

169 4192 270 4264 Auctor
284 4194 362 4249 Vitae
383 4194 485 4268 Virgilii
502 4196 671 4254 Donatianao
712 4220 752 4274 pr.
771 4201 916 4259 sseocriti.

173 4298 197 4332 c.
212 4297 255 4334 ιι.
289 4280 436 4360 Diomedes
449 4281 494 4340 lib.
508 4284 553 4347 111,
567 4304 594 4357 p.
609 4288 668 4354 483.
