2692 4914
108 300 116 321 ⁹
215 351 291 432 252
464 395 466 404 -
556 343 918 470 Pssoossnvst

216 556 334 618 vacet
357 551 431 611 aut
453 534 590 610 utilius
615 535 724 635 absit.
778 538 864 610 Nec
893 531 1017 608 modo
1032 527 1260 630 *verborum
1324 519 1330 531 ’

220 668 369 742 dilectu
400 678 439 734 et
466 666 675 742 iunctura,
723 665 1015 734 verumetiam
1039 657 1261 757 sententia-

218 816 310 866 rum
337 791 534 879 ueritate,
581 785 731 859 lumine
763 811 814 857 ac
845 784 1027 857 naturali
1057 781 1262 880 facilique

181 963 183 968 -
221 932 260 989 et
281 930 376 1011 opto
397 936 525 991 nexu,
569 913 722 1010 ingenii
744 914 918 1010 artisque
939 905 1098 1011 inflgnis
1121 905 1264 1004 aliqua

211 1037 416 1138 felicitas,
465 1059 577 1140 ‘qaae
602 1038 645 1106 in
674 1032 847 1133 Virgilio
872 1049 981 1112 erat,
1031 1028 1181 1134 effecit,
1219 1043 1266 1098 vt

221 1161 304 1235 leni
329 1183 381 1231 ac
399 1155 526 1254 sacili
546 1155 661 1253 cursu
682 1162 821 1230 omnia
843 1158 1036 1252 desinant.
1104 1149 1268 1229 Habent

220 1261 345 1391 porro
379 1281 498 1355 decus
525 1296 564 1351 et
592 1278 779 1353 excultam
810 1282 993 1381 aliquam
1029 1279 1267 1378 elegantiam,

224 1413 286 1483 uti
320 1402 657 1508 quinctilianus*)
691 1400 797 1499 istud
818 1404 985 1480 facetum
1013 1407 1178 1478 Horatii
1209 1405 1269 1471 in-

226 1544 468 1631 terpretatur
474 1556 489 1614 ;
548 1552 638 1598 cum
662 1526 821 1623 scilicet
846 1533 888 1600 in
917 1544 1155 1630 argumento
1182 1543 1272 1596 tam

225 1657 338 1730 tenui
367 1669 405 1724 et
426 1649 590 1731 bamili,
636 1653 749 1751 quod
779 1654 838 1725 ad
862 1649 1053 1748 rusticam
1075 1652 1272 1724 orationis

227 1777 487 1879 asperitatem
507 1790 715 1875 tantopere
734 1803 816 1847 non
840 1777 962 1848 modo
978 1773 1168 1876 potebat,
1192 1771 1275 1870 secl

227 1920 269 1978 et
296 1895 532 1995 deflectebat
554 1914 593 1970 et
616 1898 861 1980 inclinabat,
898 1904 1038 1972 omnia
1051 1895 1137 1998 ¹sint
1152 1897 1275 1994 scite,

194 1996 405 2119 ‘honesta
452 2038 491 2094 et
520 2020 738 2094 liberaliter
766 2040 966 2105 tractata,
1012 2029 1058 2096 vl
1080 2022 1274 2124 politum,

231 2149 416 2247 elegans,
459 2161 498 2216 et
521 2143 720 2216 urbanum
747 2150 952 2247 ingenium
979 2145 1126 2249 orbique
1140 2145 1277 2244 facile

230 2267 440 2368 agnoscas.
507 2269 580 2339 Aa
604 2272 832 2340 iuncturam
856 2272 961 2342 adeo
983 2269 1196 2342 verborum
1222 2269 1278 2339 le·

232 2416 325 2466 nem
345 2415 395 2460 ac
417 2389 579 2460 mollem
603 2407 641 2461 et
663 2418 922 2464 numerorum
946 2395 1183 2494 artificium,
1216 2409 1278 2464 to·

207 2492 404 2611 'tumque
434 2516 622 2585 carminis
651 2518 840 2598 nitorem,
877 2535 929 2588 net
960 2519 1018 2589 ad
1045 2515 1279 2617 cultiffimae

234 2635 434 2710 orationis
453 2639 739 2708 verecundiam
772 2657 811 2710 et
838 2638 1083 2737 venustatem
1106 2641 1279 2738 asseren-

236 2761 338 2833 dum
361 2757 474 2830 nobis
498 2755 570 2856 effe
598 2761 759 2832 videtur
789 2763 965 2864 elogium
996 2766 1119 2844 illud,
1165 2766 1281 2865 quod

235 2899 325 2958 tam
353 2886 497 2961 variis,
531 2886 688 2953 incertis
705 2885 833 2985 saepe
854 2905 891 2958 et
913 2887 1105 2987 obscuris,
1148 2892 1280 2961 modis

236 3032 266 3078 o
290 3006 387 3077 viris
407 3002 535 3076 doctis
555 3006 757 3101 versatum
779 3005 851 3106 effe
875 3012 1027 3085 uideas.
1086 3011 1281 3114 Magnifl·

240 3153 332 3200 cam
371 3144 506 3198 autem
541 3147 580 3199 et
605 3131 863 3228 praeclaram
898 3130 970 3233 effe
998 3136 1114 3207 illam
1144 3138 1280 3237 Virgi-

236 3248 342 3321 liani
368 3255 560 3322 carminis
590 3256 961 3352 praedicationem,
1004 3266 1091 3360 quis
1119 3288 1200 3332 non
1219 3263 1281 3331 vi·

240 3373 342 3444 det?
407 3369 478 3467 Est
496 3373 655 3468 scilicet
678 3377 844 3472 summa
876 3381 984 3462 laus,
1031 3388 1202 3482 quaein
1233 3385 1283 3455 id

238 3497 426 3564 carminis
444 3521 568 3593 genus
592 3499 735 3570 cadere
753 3501 890 3601 poffit,
915 3509 1026 3605 quod
1050 3507 1283 3580 didacticum

237 3611 444 3712 appellare
460 3617 648 3712 solemus.
705 3624 806 3695 Cum
827 3633 933 3698 enirn
958 3635 1039 3701 eius
1063 3645 1214 3700 natura
1237 3634 1282 3699 in

237 3763 284 3810 eo
304 3736 434 3835 pofita
453 3737 527 3831 fit,
559 3757 604 3812 at
628 3738 704 3817 fiue
725 3752 831 3820 notio
853 3749 996 3851 aliqua,
1034 3750 1111 3825 fiue
1136 3750 1281 3824 senten·

237 3863 305 3946 fias
340 3856 417 3930 fiue
439 3857 717 3957 sententiarum,
758 3870 933 3972 adeoque
963 3878 1075 3948 etiam
1098 3900 1282 3974 praecep-

235 4000 362 4056 torum
384 3980 432 4055 de
457 4009 695 4091 quacumque
716 3989 794 4079 siue
816 3993 1181 4094 scientissimum,
1211 3998 1280 4077 ali·

267 4180 291 4248 ')
309 4179 370 4238 lnst.
387 4180 431 4248 Vl·
448 4183 472 4246 3,
485 4201 529 4250 2⁰2
