2692 4914
351 328 645 405 BVCOLICA
669 332 786 404 ECL.
808 327 853 417 V,
874 350 980 423 1—9
1113 339 1182 413 125

144 511 239 584 Siue
270 528 381 585 antro
400 518 525 618 potius
544 512 783 591 succedimus·
843 511 1014 613 Adspice,
1058 536 1098 591 vt
1116 547 1182 594 an·

772 651 871 705 trum

146 762 332 838 siluestris
361 770 451 840 raris
481 765 601 867 sparsit
625 767 790 844 labrusca
811 748 980 841 ra'cemis.

147 926 209 968 nr„
227 900 425 972 Montibus
446 904 488 972 in
507 900 636 974 nostris
657 901 751 976 solus
764 901 843 973 tibi
867 920 984 975 certet
995 909 1181 997 Amyntas.-

148 1059 213 1104 uo.
237 1032 362 1128 Quid,
402 1031 428 1106 li
450 1032 552 1108 idem
573 1053 689 1111 certet
712 1034 909 1110 Phoebum
932 1033 1101 1137 superare
1123 1067 1182 1116 ca·

768 1155 921 1234 nendo?

150 1354 213 1390 tm.
231 1357 272 1410 pr.
296 1351 325 1391 et
342 1355 382 1410 pr.
395 1335 471 1391 Vuis.
492 1338 654 1392 nutantibus
672 1337 812 1404 baberent,
839 1341 952 1416 reposuit
970 1344 1059 1398 Burni.
1092 1343 1189 1418 Vulgo-

148 1424 244 1494 ubique
259 1424 451 1475 motantibus.-
478 1423 551 1496 qnod
570 1425 692 1496 equidem
711 1427 781 1478 baud
802 1427 970 1482 deseruissem.
1005 1428 1090 1482 Modo
1111 1447 1182 1485 recte

149 1509 261 1579 accipies
281 1509 419 1580 Zephyris
436 1510 607 1562 motantibus
622 1507 674 1563 seis.
690 1529 733 1563 eae
755 1511 864 1566 umbrat.
903 1512 963 1570 Nisi
982 1512 1087 1567 alteram
1106 1517 1181 1572 malit

148 1594 323 1645 motantibus
344 1592 395 1647 esse
416 1595 592 1648 mouentibus
602 1594 648 1663 se.
684 1595 769 1648 Etiam
787 1597 842 1649 Eci.
863 1597 908 1657 VI,
927 1601 960 1651 28
990 1600 1099 1669 rigidus
1123 1620 1181 1655 mo·

150 1694 208 1730 tare
232 1687 383 1730 cacumina
404 1697 530 1748 quereus.
565 1678 647 1734 Nunc
666 1699 726 1733 cunt
741 1680 849 1734 alterum
865 1698 891 1735 et
905 1681 987 1752 ipsum
1007 1683 1096 1736 Iocum
1114 1686 1180 1740 tueri

150 1762 245 1834 point,
282 1764 409 1817 retinetor
427 1763 509 1825 illud,
542 1782 576 1816 ne
599 1765 692 1818 iterum
717 1766 796 1820 variet
816 1765 919 1836 vulgata
940 1765 1026 1818 lectio.
1064 1768 1182 1824 Muttuit

150 1864 237 1901 tamen
250 1850 348 1902 iterum
357 1848 463 1902 Wakes.
478 1866 557 1922 quem
568 1848 601 1903 cs.
616 1850 650 1902 td
665 1853 765 1904 Lucret.
775 1850 820 1913 IV,
831 1852 872 1917 78.
939 1850 956 1902 6
969 1865 1052 1903 antra
1064 1854 1179 1908 Penius.

146 1934 330 2003 subsedt'mue
342 1932 445 1992 zulich.
514 1949 531 2003 7
547 1942 648 2004 paucis
662 1936 734 1987 Leid.
750 1954 764 1986 o
779 1932 867 2005 glofft.
902 1943 993 1986 variis
1006 1937 1074 1988 coni.
1089 1939 1183 1992 Schra-

150 2022 201 2071 der.
238 2017 370 2091 Oppofita
391 2018 461 2073 sunt:
489 2038 583 2071 rarum
596 2047 631 2059 -
644 2029 814 2073 continuum.
884 2021 1010 2073 8certat
1024 2024 1182 2094 antiquiores

150 2104 200 2156 iere
223 2122 317 2156 omnes
340 2121 401 2156 cum
417 2101 543 2156 Arusiano
556 2102 661 2156 Messio.
682 2123 704 2156 v.
722 2106 788 2157 Pier.
811 2119 836 2156 et
850 2103 953 2166 Heius..
973 2107 1045 2178 quod
1060 2109 1182 2180 equidem

149 2190 301 2261 praeferam.
355 2187 585 2241 Accommodatius
610 2190 690 2242 etiem
720 2189 755 2242 sic
779 2189 811 2242 vs.
833 2188 868 2264 sq.
903 2190 1043 2244 sententiae
1071 2192 1180 2248 dictum.

151 2273 278 2344 Enolirie
300 2272 372 2325 idem
392 2274 472 2326 hebet
490 2272 574 2326 Goth.
590 2272 656 2336 seo,
687 2273 774 2347 sicque
789 2276 856 2328 Edd.
876 2274 954 2328 aldd.
977 2293 1004 2331 et
1023 2277 1085 2330 bine
1104 2280 1179 2333 asiae.

151 2374 233 2412 certet
251 2374 345 2412 temen
371 2358 528 2429 praesidium
548 2358 628 2412 hebet
647 2361 674 2412 in
696 2359 821 2429 Oblongo
843 2358 938 2422 Pierii,
969 2378 1025 2415 tum
1045 2364 1074 2415 in
1092 2364 1181 2418 multia

151 2445 212 2498 aliie.
247 2447 281 2498 In
295 2441 359 2496 edd.
376 2444 486 2515 proeiuit
501 2442 568 2496 Flor.
584 2463 615 2498 ex
634 2444 736 2497 entend,
751 2443 867 2516 Angeiii:
893 2462 949 2499 tum
961 2448 1057 2500 Febric.
1080 2449 1183 2519 solum

152 2534 200 2583 ebt
218 2543 306 2583 certet
323 2529 413 2579 Franc.
481 2545 500 2598 9
520 2542 604 2580 certet
619 2529 777 2591 Phoebum·
798 2531 848 2582 hoc
862 2531 953 2584 ordine
967 2533 1053 2602 piures
1069 2535 1135 2587 PIer.
1154 2551 1181 2589 et
1218 2531 1223 2543 ’

152 2617 245 2679 Heius..
263 2615 372 2668 et'inter
387 2611 447 2666 edd.
461 2611 521 2666 ΑΜ.
537 2628 595 2668 tert.
609 2629 635 2667 et
648 2613 710 2667 hiuc
726 2612 799 2667 alite.
840 2613 890 2668 Alii
903 2616 1047 2670 Phoebum
1061 2635 1153 2673 certet.
1167 2619 1172 2635 '

152 2795 203 2854 pro
223 2774 381 2853 vituperio
395 2769 521 2830 vmbree
538 2769 644 2831 haberi
686 2776 728 2830 vti
741 2772 842 2831 Burin.
858 2789 888 2832 et
902 2775 1025 2831 Martin.
1048 2774 1180 2844 facium:

153 2876 298 2945 debebat,
323 2894 394 2932 cum
412 2871 448 2932 sit
466 2873 560 2954 longe
583 2875 644 2932 ele·
686 2874 757 2932 alias
774 2879 806 2931 in
822 2879 895 2932 vitio
912 2872 969 2933 boc
985 2872 1071 2945 esset,
1093 2877 1180 2955 quod

154 2975 560 3059 gantiffirnarerumimago.
594 2976 643 3034 Sic
686 2975 972 3042 rarisuntracemi;
1003 2974 1052 3032 sed
1068 2971 1179 3054 simpli·

154 3080 283 3137 umbrae
298 3076 463 3136 tremulae
479 3079 560 3157 apud
576 3078 644 3135 Cas·
687 3081 761 3135 citer
782 3092 869 3135 notat
888 3092 1026 3134 naturam
1042 3096 1179 3137 racemo·

154 3202 234 3260 purn.
256 3181 323 3239 Ecl.
346 3181 391 3250 V,
418 3199 485 3237 101.
544 3200 573 3258 7.
595 3180 643 3236 lo-
684 3199 766 3250 rum,
787 3176 1013 3248 'fiuevuerurm
1034 3174 1138 3257 paffim
1159 3200 1181 3237 o

155 3281 263 3359 brusca
285 3285 355 3339 vitis
377 3276 529 3350 sinereris,
561 3277 641 3363 alypi·
684 3279 857 3359 palmitibus
888 3301 943 3359 per
965 3284 1043 3338 antri
1069 3277 1178 3340 ostium

155 3378 292 3462 ἄμπελος,
317 3404 346 3440 ν.
370 3382 447 3440 Plin.
468 3381 588 3453 XXIII,
614 3404 639 3441 t.
683 3382 872 3463 serpentibus
893 3382 1111 3460 pendentium,
1144 3399 1178 3443 vt

157 3487 323 3548 etiamn.
355 3483 475 3543 Vitibus
489 3482 640 3544 obductae
684 3486 762 3544 adeo
784 3506 841 3564 per
860 3484 1019 3543 interualla
1040 3485 1103 3544 dies
1130 3490 1177 3546 in·

158 3586 320 3667 speluncae,
329 3602 437 3667 vtpote
447 3607 526 3667 quae
538 3607 641 3646 amoe·
683 3602 750 3646 tret.
795 3587 840 3645 Ita
857 3602 888 3646 et
900 3587 963 3647 Ecl.
982 3587 1049 3658 VH,
1065 3590 1107 3664 46
1129 3591 1177 3647 Et

159 3694 242 3749 nitate
256 3689 285 3749 se
300 3688 526 3761 commendant,
535 3686 640 3767 passim
679 3710 768 3772 ¹quae
784 3710 844 3747 eos
865 3709 944 3746 rara
959 3686 1076 3746 viridis
1093 3693 1176 3767 regit

162 3789 319 3851 laudentur.
376 3790 500 3851 Habent
531 3790 642 3848 sedicet
682 3790 821 3850 arbutus
835 3789 960 3847 vntbm.

100 3922 102 3975 3
167 3908 264 3981 poetae
283 3915 319 3952 ex
337 3893 465 3953 Homeri
483 3891 641 3972 splendIda
723 3909 752 3970 9.
786 3889 924 3972 Quidfi
948 3888 1036 3949 idem
1060 3907 1173 3952 certet.

100 3980 102 4033 ἕ
173 3989 352 4073 descriptione
388 3999 466 4054 antri
498 3992 641 4077 Calypsus
682 3993 743 4051 Aut
770 3992 885 4052 dictum
912 3990 1064 4053 boccum
1091 3993 1176 4054 sensu

100 4056 105 4171 i
178 4091 263 4174 Odyls.
284 4120 315 4168 e,
336 4099 386 4160 68.
409 4098 445 4159 ci.
469 4100 518 4159 63.
557 4098 642 4153 raris
682 4092 859 4164 modestiae,
871 4097 1176 4179 vtAmyntamvnunt

181 4207 262 4252 tutem
285 4195 332 4257 hic
360 4219 428 4261 non
461 4199 640 4282 urgendum,
683 4219 791 4260 ornnes
817 4198 960 4278 superare
993 4197 1089 4266 dicen
1123 4212 1176 4258 aut

216 4292 331 4359 Toni
735 4301 764 4359 Ο
