2692 4914
232 302 581 381 ononorcou
616 301 892 398 ern.1v,aa9
913 297 1032 374 -500
1104 302 1180 402 755
1211 276 1283 315 “s

146 496 234 589 Illa,
259 497 354 591 Quis
370 509 407 566 et
425 514 505 581 me,
531 492 672 590 inquit,
695 487 881 580 miseram,
906 506 943 562 et
956 506 993 563 te
1007 489 1180 589 perdidit,

769 623 936 722 Orpheu,

146 767 244 862 Quis
259 777 382 834 tantus
395 758 524 834 furor?
559 759 617 830 En
633 759 767 830 iterum
784 757 950 832 crudelia
970 775 1070 832 retro
1108 757 1184 858 495

144 903 236 975 Fata
253 912 405 987 vocant,
432 894 638 991 conditque
651 895 815 963 natantia
836 891 976 965 lumina
1000 890 1158 967 somnus.

146 1036 304 1132 Iamque
327 1029 421 1104 vale.
482 1032 597 1116 Feror
620 1029 762 1124 ingenti
781 1027 1010 1100 circumdata
1034 1048 1159 1121 nocte,

145 1164 413 1264 Inualidasque
434 1162 502 1235 tibi
520 1163 697 1253 tendens,
730 1161 806 1235 heu
821 1188 900 1234 non
921 1181 1001 1255 tua,
1023 1163 1183 1264 palmati

145 1303 274 1390 Dixit,
307 1317 405 1372 etex
420 1296 538 1372 oculis
557 1296 694 1387 subito,
729 1322 801 1371 ceu
821 1296 944 1372 fumus
967 1305 1007 1371 in
1029 1324 1134 1371 auras

148 1438 373 1509 Conmixtus
390 1438 523 1526 tenuis,
546 1431 640 1533 fugit
653 1430 813 1524 diuersa,
834 1459 960 1535 neque
972 1433 1088 1525 illum,
1109 1432 1185 1506 500

220 1651 271 1705 500
287 1648 366 1720 fugit
384 1654 416 1702 in
435 1648 549 1719 diuersa
567 1647 665 1703 Medic.
687 1665 703 1700 ι
721 1666 758 1701 m.
780 1649 830 1705 sec.
868 1649 986 1704 Alterum
1003 1665 1064 1701 cum
1081 1647 1187 1721 poetico

147 1735 196 1792 vsu
211 1735 344 1807 conuenit.

152 1895 314 1952 Manes.“
356 1875 507 1950 Viderin
525 1887 586 1950 hoc
601 1910 652 1949 ex·
693 1889 874 1970 respexerat.
924 1891 999 1972 Sup.
1027 1890 1092 1968 488
1121 1905 1189 1950 erat

106 2067 108 2071 ¹
150 1995 292 2076 emplum
316 1993 487 2074 argutiolae
507 1997 652 2052 imitatio-
694 1990 870 2050 dementia.
905 2007 938 2053 et
958 1997 1125 2053 amantium
1140 1997 1189 2053 in·

149 2102 203 2162 nis
227 2093 328 2156 studio
359 2094 514 2165 subortae;
556 2096 652 2154 Luca·
694 2093 775 2153 senia
802 2098 923 2174 quoties
951 2115 1017 2156 non
1044 2092 1087 2156 est
1108 2096 1189 2157 cele·

149 2220 213 2263 nus
235 2218 294 2278 pro
311 2198 434 2280 fragore
455 2198 652 2258 exultationis
693 2194 920 2277 bratapervoc.
929 2196 1059 2275 furere.
1072 2199 1187 2278 firror.

150 2301 274 2385 fignum
311 2302 428 2360 editum
463 2314 652 2370 narrauerat,
694 2303 767 2378 496.
789 2301 945 2356 natantia
964 2299 1101 2369 lumina,
1122 2321 1188 2361 mo.

149 2408 199 2464 ita
220 2408 303 2464 enim
320 2403 404 2484 spem
426 2404 536 2463 factam
551 2405 654 2462 Mani·
694 2399 835 2473 ribundi,
871 2404 990 2462 incerto
1012 2407 1073 2464 iam
1100 2419 1191 2466 motu

152 2507 215 2567 bus
222 2549 232 2578 ,
276 2508 389 2564 iterum
418 2506 564 2565 audiendi
594 2505 654 2563 Or·
695 2502 892 2576 fluctuantia,
915 2504 982 2564 satis
999 2524 1016 2564 u
1031 2510 1100 2568 viris
1117 2508 1191 2568 doc·

150 2608 241 2694 phici
262 2622 374 2668 cantur.
432 2607 551 2682 Mam,
586 2627 654 2667 non
695 2609 733 2666 tir
767 2602 911 2665 illustrata
946 2605 1023 2669 sunt.
1086 2606 1190 2668 Praei·

153 2714 385 2781 coniecturam,
439 2707 492 2768 sed
541 2725 654 2770 certam
695 2710 911 2768 veratLucret.
927 2704 981 2780 111,
999 2717 1063 2789 479
1097 2711 1191 2770 Nant

151 2812 355 2883 sententiam,
398 2815 551 2891 proponit
577 2809 655 2873 vor·
697 2810 792 2870 oculi.
856 2807 1045 2870 Illustrarunt
1079 2812 1191 2871 oculos

151 2914 233 2978 fiur:
274 2918 392 2975 tonitru
423 2912 655 2974 subterraneum
696 2927 868 2981 natantes,
923 2903 1049 2991 ’ὄμματα
1096 2908 1190 2998 ὑγρὰ,

152 3033 264 3080 natum
279 3014 339 3077 effe
355 3037 392 3077 ex
408 3021 571 3088 cremavi,
592 3036 655 3099 que
695 3011 801 3097 puffim
818 3019 875 3075 viri
892 3015 984 3075 docti.

152 3121 251 3183 Pluto
266 3119 443 3205 Eurydicen
466 3124 499 3179 in
518 3117 655 3178 Erebum

152 3220 296 3287 retrahit.
351 3222 491 3283 Eandem
515 3225 578 3282 vim
608 3241 657 3280 ar·

155 3347 281 3397 canam,
303 3343 365 3418 qua
384 3323 424 3383 ad
438 3322 655 3384 retrahendam
697 3372 844 3431 Dixerat
882 3389 915 3432 et
954 3374 1063 3433 tenui,
1096 3374 1194 3454 sugit

154 3429 296 3513 puellam
334 3447 412 3507 opus
450 3440 533 3497 erat,
583 3445 656 3486 mox

156 3530 323 3594 contendit
371 3528 554 3589 declaratam
596 3523 656 3587 effe
699 3497 758 3534 ceu
776 3477 896 3555 firmus
917 3497 956 3592 tn·
974 3494 1095 3545 auras,
1132 3496 1193 3536 cm

641 3621 660 3690 ἕ
690 3580 811 3659 firmus
838 3594 1033 3638 commtxtus
1058 3578 1097 3640 sc.
1124 3600 1195 3640 cum

700 3703 783 3742 euru.
845 3684 979 3742 Peritum
1015 3696 1118 3742 eutem
1157 3701 1196 3742 ex

699 3784 787 3846 Iliad.
808 3784 854 3866 ψ,
882 3805 949 3845 roo.
965 3783 1039 3844 ¹vid.
1063 3784 1121 3842 alia
1144 3803 1195 3862 ap.

214 3887 288 3967 495.
319 3886 419 3969 Quis,
451 3885 525 3968 quis
544 3898 658 3944 tantus
701 3886 844 3947 Cerdam.
908 3882 980 3949 boo.
1014 3885 1112 3964 fugit
1144 3883 1196 3944 dt-

147 3991 259 4074 suror
280 3986 447 4069 perdidit,
490 4008 570 4070 quae
601 3992 658 4047 im·
699 3988 807 4066 versa,
827 4010 896 4049 cum
914 3993 948 4049 in
962 3987 1129 4062 diuersam,
1158 4007 1197 4049 tc

156 4092 344 4175 prudentia,
402 4093 657 4169 intemperantia,
702 4111 762 4172 qua
778 4090 921 4172 Orpheus
937 4087 1094 4159 tendebat,
1124 4109 1196 4169 par·

158 4195 223 4258 scil.
258 4197 390 4258 amantis
425 4191 561 4276 Orphei,
604 4195 659 4277 qui
701 4207 776 4268 tem,
798 4191 828 4255 h.
844 4174 938 4268 retro,
961 4193 1141 4253 auferretur.
1162 4206 1196 4257 vt.

771 3174 845 3248 499.
881 3168 978 3248 sugit
1016 3169 1053 3226 in
1089 3185 1193 3248 aurae

698 3283 829 3342 tenues,
878 3286 911 3330 vt
942 3272 1020 3331 Aen.
1053 3270 1094 3344 V,
1129 3278 1193 3351 74⁰
1269 3318 1273 3341 ,

155 3656 218 3719 per
242 3634 400 3694 furorem:
443 3633 517 3714 quis
545 3644 639 3691 tantu

148 3738 260 3821 furor
272 3734 284 3795 ἱ
