2692 4914
219 330 567 407 GEORGICON
593 332 696 405 LIB.
713 332 783 424 IV,
800 329 887 406 230.
1019 327 1095 428 697

16 536 20 545 ’
62 536 141 597 ora3
161 514 279 582 habens
296 540 351 583 ora
364 518 478 603 sparsa,
506 517 561 580 ad·
601 514 705 580 velfic
719 537 786 579 non
800 516 978 598 latiepatet,
1001 534 1096 598 quor·

58 620 173 702 sperle,
203 623 342 704 proluta,
369 644 457 707 aque.
500 623 560 682 Ex·
600 620 665 681 lum
683 625 770 705 graui
785 622 876 683 odori
890 639 1000 679 cauere
1016 639 1095 698 opus
1202 636 1211 663 κ

57 724 172 805 pedite
208 723 356 786 hactenus
390 726 560 794 sementim
601 719 661 784 elle
676 723 826 783 creditum
839 724 942 795 luerit,
963 740 1033 780 cum
1046 719 1095 778 lu·

56 823 118 889 sed
160 831 266 910 quaeri
309 847 393 888 nuuc
440 808 557 908 potest,
600 825 840 886 mosmellarius
861 822 988 908 praese
1015 822 1096 883 ferat

59 928 209 1011 quorsum
230 928 290 991 hoc
310 930 393 990 lactu
411 951 490 1011 opus
512 927 558 989 fit.
600 947 704 987 mauu.

57 1030 252 1106 statuebam,
280 1029 409 1092 caullam
423 1029 494 1106 effe,
516 1051 558 1092 ne
641 1029 766 1090 Seruius
780 1032 824 1089 ita
839 1033 973 1109 accepit:
1002 1031 1096 1099 „Ore

57 1151 120 1194 ora
140 1133 352 1195 maleolentia
371 1132 445 1207 sint,
473 1133 560 1216 quod
593 1131 700 1213 soue,
732 1130 812 1213 ipsos
832 1128 952 1193 haustus
973 1132 1094 1198 scilicet.
1129 1158 1133 1164 ·

57 1233 219 1297 foetorem
265 1235 347 1297 ferre
398 1250 560 1319 nequeunt
600 1236 640 1294 Et
673 1233 734 1295 hoe
769 1234 859 1294 dicit:
910 1236 1094 1324 spargendo

60 1355 158 1418 epea:
204 1337 292 1420 quod
324 1353 442 1399 veteres
475 1341 559 1399 miris
601 1356 714 1419 uquam
756 1339 876 1396 imitere
916 1338 1063 1418 pluuium.
1072 1346 1096 1378 “

58 1439 166 1502 modia
182 1443 216 1500 ln
229 1441 409 1499 miraculum
429 1458 559 1508 auxere;
600 1439 759 1500 Praeclare
795 1439 834 1501 ad
875 1439 969 1521 ipsam
1010 1463 1095 1514 remg

61 1541 105 1602 cf.
126 1540 213 1602 Vart.
232 1541 287 1615 111,
313 1545 361 1616 16,
379 1545 408 1605 6.
437 1540 558 1602 Colum.
600 1559 672 1600 nem
688 1539 785 1602 solere
800 1546 931 1623 epiatios
951 1542 1010 1604 hac
1030 1561 1097 1606 arte

58 1642 123 1711 lx,
142 1652 190 1723 14,
206 1647 235 1709 3.
257 1645 361 1725 Geop.
374 1645 447 1719 XV,
462 1665 492 1716 2,
510 1662 558 1724 ¹9·
601 1642 729 1724 aggredi
762 1663 853 1725 apes,
903 1659 938 1705 vt
969 1667 1021 1707 eea
1057 1668 1096 1709 ex

38 1747 97 1819 ·3,
119 1753 153 1824 4,
174 1745 280 1829 ibique
300 1748 412 1808 Nielm.
461 1746 560 1806 Fauet
602 1744 731 1805 aluearis
763 1761 869 1825 parte,
913 1768 976 1830 qua
1006 1750 1095 1813 funos

57 1845 131 1908 vsm
168 1848 339 1932 loquendi:
387 1869 462 1910 nam
495 1847 558 1929 lup.
599 1844 722 1906 renisuri
742 1845 819 1922 sunt,
841 1848 960 1930 lugent,
983 1867 1096 1914 notum

56 1949 110 2022 11,
137 1952 197 2028 134
228 1953 360 2010 animas
378 1965 412 2010 et
433 1950 558 2010 olentia
601 1944 661 2017 est;
691 1962 723 2008 et
742 1949 878 2032 sequitur
899 1952 993 2013 alteru
1014 1953 1094 2014 fimi-

56 2050 159 2112 Medi
176 2052 244 2112 Ora
256 2052 383 2132 fouent
396 2053 474 2122 illo,
494 2073 559 2112 me·
599 2050 636 2111 lis
657 2049 755 2126 fram,
775 2067 808 2112 vt
828 2053 930 2114 fumus
949 2058 1094 2118 immitta-

56 2155 95 2216 lo
106 2154 244 2216 Medico.
286 2155 327 2215 Et
341 2152 498 2216 credidill‘e
514 2158 560 2214 vi·
601 2165 667 2222 tun
687 2151 852 2237 solitosque
872 2153 933 2216 hoc
949 2159 1034 2219 idem
1047 2161 1094 2221 fa·

61 2258 179 2322 dentur
197 2272 317 2319 veteres
322 2299 333 2332 ,
360 2261 408 2333 ei,
443 2260 497 2339 qui
519 2256 559 2317 ad
601 2274 671 2314 cere
703 2270 822 2317 veteres
829 2301 839 2331 ,
881 2279 918 2319 ex
947 2261 1094 2342 Geopou.

60 2363 140 2442 epei
168 2359 346 2434 accederet,
389 2359 559 2420 videndum
599 2355 672 2429 XV,
690 2358 755 2430 6,1
781 2358 985 2440 suspicabatur
997 2364 1096 2425 Beck-

61 2459 144 2536 elle,
189 2481 231 2525 ne
263 2466 349 2546 graui
376 2461 475 2524 odore
509 2482 560 2522 eae
600 2477 707 2518 mann·
727 2460 846 2545 collega
860 2467 1015 2525 coniunct.
1036 2464 1096 2527 huc

61 2560 249 2627 offenderet.
301 2565 464 2627 Columell.
495 2565 559 2639 tx,
600 2559 691 2640 super
710 2582 744 2622 re
764 2582 782 2620 e
802 2584 854 2624 me
877 2566 1096 2648 compellatum

67 2669 166 2745 14,3
194 2666 321 2730 Verum
340 2670 484 2726 manime
505 2687 561 2726 cu·
599 2660 736 2742 sequitur
756 2665 897 2726 Semimu
918 2669 1017 2730 Cerdo
1024 2712 1035 2745 ,
1064 2687 1097 2732 et

51 2766 271 2850 stodiendum
288 2766 333 2847 est
351 2770 501 2830 curatori
515 2798 559 2819 -
600 2767 661 2823 iam
675 2781 746 2826 ente
760 2787 830 2826 eum
845 2768 937 2830 Iullus
952 2771 1094 2847 Sabinus,

63 2874 117 2932 uti
136 2871 307 2932 abstineat
324 2872 404 2952 fere
423 2870 466 2930 ab
492 2891 559 2930 om·
600 2887 694 2948 quem
735 2868 909 2948 pleniorem
952 2875 1095 2937 Seruium

62 2972 163 3034 nibus
180 2972 404 3034 redolentibus
417 2973 560 3052 esculen-
602 2989 672 3028 cum
693 2968 797 3032 Probo
818 2970 954 3037 habullle
976 2976 1093 3060 liquetz

62 3077 110 3137 tis
128 3110 172 3126 -
194 3079 338 3160 itemque
351 3075 560 3157 foetentibus
600 3072 723 3146 „Fumo
759 3073 907 3159 fugantur
945 3097 1018 3159 apes
1057 3101 1095 3142 ex

64 3181 261 3240 acrimoniis
284 3178 358 3238 allii
384 3180 441 3240 vel
464 3199 560 3270 cepa·-
601 3175 712 3248 alueis3
741 3192 773 3237 et
793 3175 955 3262 postquem
971 3181 1094 3265 fugatae

63 3302 143 3341 nam
172 3297 422 3365 ceterarumque
450 3302 562 3342 rerum
602 3277 688 3353 suut,
717 3278 875 3364 aspergine
899 3302 998 3365 aquae
1022 3306 1097 3348 con.

52 3383 228 3463 similium.
256 3384 561 3464 Pallad.lV,15,4
603 3379 783 3463 globantur,
826 3398 860 3444 vt
884 3404 953 3447 non
974 3405 1097 3463 orreum

62 3489 163 3547 Haec
180 3521 224 3535 -
244 3485 375 3568 efficies,
401 3487 506 3567 castus
527 3502 561 3548 et
602 3480 664 3545 hoc
677 3483 749 3545 ideo
763 3483 813 3560 fit,
834 3502 868 3547 vt
883 3506 1005 3552 exemto
1020 3493 1097 3553 mel·

53 3590 212 3673 sobrius,
247 3605 282 3650 et
298 3590 428 3651 alienus
447 3611 471 3649 a
492 3589 563 3650 bat-
601 3584 633 3646 le
648 3584 766 3647 lucilius
781 3588 951 3652 inferuntur
968 3595 1095 3671 elueie“,

65 3695 143 3755 neit
176 3693 364 3772 (Crescentii
383 3693 481 3756 liber:
518 3691 562 3752 ab
603 3702 636 3748 et
650 3687 755 3767 paullo
771 3688 855 3771 post:
878 3692 999 3774 „foue,
1021 3718 1097 3760 con·

63 3795 178 3879 alliis)
201 3796 258 3855 uel
276 3818 299 3856 a
318 3795 401 3857 cibis
419 3796 564 3865 aeribus,
604 3794 670 3851 tine
683 3795 718 3851 in
737 3790 876 3856 faucibus
897 3811 963 3858 tum
982 3799 1096 3882 [perlue

65 3913 104 3959 et
125 3896 238 3959 odoris
258 3899 439 3971 immundi,
462 3915 565 3984 atque
604 3890 726 3956 haustus
743 3907 928 3978 equarum.“
963 3901 1008 3962 Vt
1019 3899 1096 3963 haec

66 4001 221 4062 omnibus
229 4001 453 4081 salsamentis.
486 4005 564 4086 Qui·
605 4001 820 4080 intetpretetio
843 4003 948 4063 lotum
972 4001 1093 4077 habeat,

62 4101 124 4165 bus
145 4104 274 4188 quidem
301 4108 376 4169 locia
401 4106 477 4168 nihil
503 4104 564 4168 elle
607 4101 783 4184 adoptando
813 4100 857 4165 est
885 4106 981 4167 altere
1005 4105 1099 4168 lectio

61 4203 167 4290 potest
188 4212 335 4291 eperu'm.
382 4212 563 4289 Enimuero,
604 4203 738 4286 laaztflm
751 4227 914 4293 aquarum
929 4227 986 4270 ore
991 4207 1098 4290 seue,-
