2692 4914
161 343 230 416 192
356 321 672 400 uvrucrmr
697 272 991 401 uruours'

154 508 312 609 Propter
334 534 455 610 equae
474 514 598 583 riuum
622 509 730 584 viridi
751 510 964 612 procumbit
985 519 1025 588 in
1045 516 1146 608 vine,

154 648 319 737 Perdita,
353 670 424 719 nec
452 644 551 719 serae
570 626 739 720 me’minit
762 647 946 721 decedere
967 657 1083 741 nocti,

154 786 256 859 Talis
282 806 387 854 amor
406 798 549 870 teneat,
587 806 659 854 nec
689 779 732 854 fit
753 782 847 854 mihi
868 810 957 857 cura
979 785 1156 858 mederi»

81 967 83 970 <
153 924 293 996 Ducite
312 917 359 990 ab
383 914 471 991 vrbe
501 913 674 1008 domum,
719 941 804 990 mea
833 925 1013 1009 carmina,
1058 920 1191 999 ducite

771 1052 962 1151 Daphnin.
1137 1082 1191 1153 90

152 1192 229 1266 Has
252 1187 343 1263 olim
365 1189 517 1258 exuuias
537 1184 630 1257 mihi
656 1181 820 1283 perfidus
840 1186 904 1261 ille
929 1187 1090 1287 reliquit,

151 1323 313 1423 Pignora
331 1344 417 1394 cara
436 1316 504 1391 sui:
541 1341 639 1418 quae
659 1343 761 1391 nunc
786 1345 855 1420 ego
878 1321 1007 1406 limine
1030 1329 1070 1396 in
1096 1324 1190 1428 ipso,

218 1539 251 1606 87
272 1537 430 1588 concumbit
451 1531 523 1588 Gud.
570 1539 601 1584 in
619 1533 690 1586 vlua
708 1533 797 1587 Heius.
818 1555 834 1588 e
853 1535 1004 1591 melioribus
1026 1537 1082 1591 mff.
1108 1558 1190 1614 repo·

151 1622 201 1679 fuit
218 1624 329 1681 iterum,
360 1638 420 1672 curn
440 1618 493 1672 iem
514 1634 529 1669 ι
549 1616 683 1689 Naugerio
698 1619 725 1671 in
738 1619 797 1674 Ald.
810 1636 869 1676 tert.
884 1638 910 1674 et
928 1622 991 1675 hinc
1010 1624 1038 1675 in
1059 1624 1126 1679 aliu
1146 1627 1190 1679 in·

152 1707 262 1764 ductum
274 1702 366 1760 fuiffec
407 1703 520 1776 Vulgare
534 1711 565 1756 in
579 1704 674 1768 herda,
695 1724 774 1776 quam
791 1709 857 1761 Pier.
877 1707 1049 1770 defendebat,
1077 1730 1111 1764 ex
1125 1712 1188 1769 rud.

150 1816 190 1871 pr.
225 1807 369 1865 propagate
395 1788 433 1844 est
455 1791 481 1842 in
506 1788 584 1851 eliae,
622 1791 650 1842 in
673 1790 1097 1864 hieiuSteph.c0nf.ii1artin.
1153 1808 1188 1851 in

151 1882 252 1936 umbra
273 1878 314 1931 ed.
332 1878 397 1929 Ven.
418 1894 479 1928 cum
493 1874 576 1929 Goth.
598 1874 645 1928 sec.
668 1895 684 1930 e
703 1894 738 1930 ru.
752 1895 791 1948 pr.
814 1878 956 1949 censedit
970 1888 1001 1933 in
1015 1881 1105 1934 herbe
1119 1903 1189 1939 rnue

149 1964 255 2024 Heius..
275 1962 402 2017 sollennee
416 1961 502 2031 vtique
520 1960 682 2014 variationes.
751 1965 785 2016 88
793 1963 865 2032 sera
879 1984 914 2017 m.
932 1964 961 2019 d.
977 1981 1060 2018 nocte
1073 1985 1187 2040 quartus

148 2051 248 2108 Mureti
268 2064 294 2101 et
313 2046 379 2100 aliue
398 2044 506 2099 Heinfii.
558 2055 651 2099 nectis
677 2046 767 2120 fragm.
794 2049 908 2111 Μοιοιίς
946 2050 1015 2103 rude
1035 2053 1186 2109 Burmann.

149 2135 301 2206 reuisere
320 2139 420 2185 nectis.
458 2130 604 2188 discedere
624 2133 729 2203 Meneg.
749 2133 915 2188 etRortend·
934 2133 982 2188 sec.
999 2155 1023 2189 v.
1046 2137 1103 2209 sup.
1123 2140 1185 2195 Ed.

147 2224 183 2278 11,
197 2224 239 2289 67.
273 2218 431 2287 Ambiguum
452 2213 501 2275 est,
524 2232 608 2268 vuum
627 2218 741 2288 perdita
761 2208 988 2283 antecedendibue‚
1018 2240 1052 2275 an
1075 2224 1188 2298 sequen.

147 2307 233 2366 tibus,
253 2319 281 2358 vt
299 2304 327 2356 iu
343 2302 404 2355 loco
424 2300 497 2353 Varii
516 2303 559 2365 (in
572 2303 669 2370 Notis)
693 2303 839 2380 subiungas.
913 2324 948 2384 9²
966 2309 1094 2382 Pignera
1114 2312 1181 2368 duo,

144 2391 204 2447 eid
213 2392 303 2445 Burm.
339 2390 429 2441 limite
446 2385 530 2443 Goth.
550 2386 601 2442 sec.

208 2582 260 2660 87.
292 2578 433 2659 Propter
462 2597 572 2661 aquae
599 2579 643 2637 ri·
683 2581 734 2639 ire
750 2579 895 2649 domum,
918 2580 1107 2667 maestoque
1121 2608 1184 2648 no-

144 2704 244 2749 vum:
262 2702 300 2742 ex
314 2680 366 2741 vsu
380 2697 554 2761 poetarum,
576 2683 642 2741 Ho-
681 2681 807 2761 vrfflma
828 2705 943 2765 eampo
965 2689 1046 2745 Exit
1067 2706 1102 2748 ee
1124 2713 1184 2773 op·

144 2789 224 2857 rarii,
243 2782 359 2842 Tibulli
379 2782 405 2855 I,
433 2803 459 2854 r,
484 2785 524 2846 28
551 2805 640 2864 prae-
678 2784 805 2870 pofitas.
835 2786 974 2867 impasta
1009 2797 1183 2858 auertitur

144 2903 239 2950 eunte
260 2886 404 2948 Lucretio
424 2885 469 2958 H,
490 2888 532 2948 δα
559 2907 638 2966 pro·
679 2889 808 2949 herbas.
849 2892 950 2951 Locus
964 2898 1096 2955 omnino
1110 2897 1182 2976 pul·

135 2989 238 3070 strati
280 2990 316 3047 ie
354 2991 508 3066 gramine
547 2989 638 3049 molli
681 2995 841 3062 cerrimue3
887 2997 922 3053 in
954 3016 1019 3077 quo
1047 2998 1180 3058 Verium

142 3096 284 3174 Propter
300 3111 410 3174 aereae
428 3093 552 3163 rictum,
570 3091 637 3169 sud
681 3091 821 3174 expreffit
859 3093 989 3169 nostem
1038 3098 1180 3161 docente

142 3199 245 3258 ramis
258 3193 388 3254 arboris
403 3193 503 3253 altae.
527 3198 561 3254 in
575 3195 637 3254 Cu·
678 3197 816 3259 Macrob.
834 3199 896 3258 Set.
911 3199 965 3271 vl,
981 3222 1007 3260 c.
1022 3221 1052 3260 e.
1079 3202 1180 3263 Dixe-

141 3298 201 3360 lice
234 3299 298 3376 389
341 3295 463 3354 Riuum
499 3311 638 3378 propter
678 3314 726 3357 rat
745 3300 797 3358 ille
812 3298 851 3360 de
870 3321 946 3363 caue
961 3323 1072 3363 cerure
1086 3300 1180 3363 vesti-

141 3420 252 3482 aquae
276 3394 381 3457 viridi
405 3395 473 3475 sud
497 3398 636 3476 fronde,
678 3403 733 3482 giie
756 3399 926 3462 infistente:
961 3405 1038 3463 Non
1060 3426 1180 3466 amnes

123 3501 183 3564 'Et
217 3505 278 3559 iarn
315 3498 380 3580 sup.
426 3499 490 3560 Ecl.
518 3501 565 3574 V,
595 3509 637 3580 47
678 3503 771 3564 illam
803 3503 920 3577 medii,
965 3527 1035 3566 nore
1064 3506 1179 3568 ardua

140 3603 259 3667 'Dulcis
270 3622 379 3684 aquae
387 3602 534 3679 saliente
543 3601 638 3679 setim
679 3604 827 3680 tardant,
848 3606 987 3666 Perdita
1001 3629 1064 3670 nec
1071 3612 1177 3689 serae

141 3707 340 3786 restinguere
359 3708 443 3765 rino.
501 3708 552 3770 88.
576 3727 637 3766 uec
679 3712 827 3768 mminic
870 3708 1030 3769 decedere
1074 3717 1177 3778 nocti.

133 3811 235 3892 serae
257 3839 301 3856 --
342 3806 501 3867 decedere
527 3810 634 3882 noeti,
677 3808 729 3872 Est
755 3811 954 3872 Homericum
983 3808 1177 3893 veredus-ie

138 3913 309 3995 elegantius
339 3909 380 3970 ad
405 3915 560 3989 poeticum
588 3931 636 3971 re·
677 3912 775 3984 everi,
799 3929 832 3973 vt
848 3910 951 3997 Odyss'.
966 3940 1000 3992 μ,
1020 3936 1093 3997 ²9¹·
1115 3939 1178 3980 nec

139 4020 277 4085 tionem,
303 4032 394 4094 quem
410 4012 493 4089 sera
517 4027 633 4082 noere‚·
675 4014 767 4088 bene,
790 4032 878 4095 puto,
901 4018 1052 4094 redditur,
1075 4021 1117 4081 ed
1131 4022 1176 4083 fe·

140 4119 226 4203 quod
240 4117 304 4176 aliis
321 4113 419 4175 verbis
434 4114 508 4173 dixit
522 4115 633 4175 statius
674 4137 741 4178 ram
755 4132 890 4179 noctem.

138 4220 239 4284 Theb.
260 4218 320 4292 VI,
337 4236 402 4300 ,¹9¹
435 4217 526 4279 Tunc
540 4220 634 4304 piger
717 4239 769 4302 91.
804 4221 964 4283 simillime
984 4219 1064 4286 haec
1085 4224 1176 4290 sacris
