2692 4914
394 300 396 304 ‘
470 328 531 401 ns
566 317 862 400 oeonfflcs
1053 269 1058 285 ⁴
1106 315 1176 397 εει

143 542 367 620 neganuis,
405 533 452 589 ot
471 538 552 587 non
576 509 697 581 modo
723 502 933 578 verborum
959 526 1010 574 ac
1026 498 1183 597 senten-

148 649 309 714 tiarum
344 646 430 713 vim
473 634 829 710 declarauerimus,
878 653 1017 697 oerum
1062 629 1185 696 etiam

150 768 347 840 carminis
362 758 694 865 pulcritudinem,
716 753 968 850 inprimisque
987 764 1187 826 ornatum,

139 888 322 990 sensibus
354 903 392 958 et
416 882 540 956 oculis
568 875 863 972 adolescentum
892 872 1187 969 subiecerimus,

152 1039 230 1087 nos
249 1034 418 1112 operam
440 1001 617 1102 nostram
641 1024 723 1071 non
752 999 913 1068 omnino
940 992 1047 1069 mole
1069 992 1149 1066 coll
1172 1033 1189 1049 ·

155 1132 264 1237 caffe
285 1130 522 1208 arbitraturi
536 1122 670 1221 simus.

260 1258 329 1330 Ex
348 1260 418 1334 iis,
463 1275 568 1351 quae
585 1245 719 1319 adbuc
740 1242 943 1341 disputata
963 1238 1081 1338 sunt,
1120 1266 1191 1312 nu-

153 1408 302 1490 perum
321 1376 528 1475 censuram
547 1370 853 1468 Georgicorum,
879 1390 1002 1464 quam
1013 1365 1193 1437 Edmun·

161 1510 237 1582 dus
255 1508 475 1578 Burtonus,
501 1497 718 1570 Britannus
740 1514 821 1559 non
840 1488 1021 1560 indoctus
1040 1514 1114 1561 nec
1134 1493 1193 1561 in-

161 1632 344 1732 elegans,
377 1616 646 1724 proposuit*),
690 1608 741 1682 ab
764 1611 914 1681 iudicio
935 1635 1084 1708 parum
1098 1609 1194 1707 sub·

164 1755 287 1826 tillet
316 1750 459 1821 limato
487 1736 714 1841 prefectum
733 1731 866 1829 focile
890 1732 1051 1811 videos,
1097 1735 1195 1805 dum

168 1878 273 1949 lianc
290 1871 418 1974 ipsam
439 1868 618 1966 copiam,
656 1859 762 1931 hunc
783 1869 969 1926 ornatum
989 1881 1122 1926 rerum
1142 1872 1196 1929 te-

170 2006 310 2073 nuium
323 2012 361 2067 et
380 1991 564 2066 exilium,
587 1985 645 2056 ad
665 1974 997 2081 reprehensionem
1012 1984 1198 2053 carminis

119 2190 124 2202 ,,
173 2123 350 2194 traxerit.
380 2126 382 2130 '
417 2115 496 2189 Sed
514 2109 655 2184 iudicii
672 2106 788 2178 huius
807 2106 1089 2175 auctoritatem
1113 2107 1199 2175 iam

164 2245 267 2343 satis
294 2240 376 2311 alio
408 2236 581 2309 eiusdem
604 2232 685 2301 viri
720 2229 830 2298 docti
857 2229 1041 2297 acumine
1070 2227 1200 2299 eleum

177 2386 264 2438 tarn
296 2359 496 2437 dabimus,
560 2378 651 2426 cum
682 2353 792 2423 idem
826 2349 895 2425 ille
931 2351 974 2421 in
1003 2350 1202 2425 Bucolicis

170 2477 376 2588 summam
402 2478 696 2580 simplicitatem
729 2491 767 2548 et
798 2472 1065 2548 bumilitatem
1092 2479 1203 2549 vitae

182 2638 231 2684 ac
253 2627 411 2679 morum
429 2626 458 2671 a
480 2601 648 2701 Virgilio
677 2592 893 2699 expressam
915 2598 1082 2683 dixerim
1124 2623 1203 2696 quo

182 2734 280 2836 quid
309 2756 337 2801 a
367 2748 498 2798 rerum
520 2724 610 2819 fide
632 2749 682 2794 ac
701 2719 821 2818 sensu
860 2719 1028 2790 alienius
1068 2717 1206 2818 afferri

180 2852 329 2959 poffit?
378 2849 419 2922 A
441 2863 594 2917 tumore
622 2868 670 2912 ac
693 2844 852 2943 frigore
876 2858 948 2917 aut
975 2845 1104 2939 inepto
1132 2841 1207 2913 ali·

185 3005 263 3081 quo
284 2971 426 3073 fludio
449 2994 499 3039 ac
523 2968 650 3037 nimio
669 2963 887 3059 sedulitate
916 2965 1116 3062 Georgica
1135 2989 1208 3034 va·
1256 3032 1258 3036 ,

187 3128 280 3175 care
323 3094 563 3192 confidenter
589 3085 798 3184 affirmem,
846 3092 915 3188 qui
943 3087 1096 3185 alioqui
1128 3112 1210 3159 non

189 3223 318 3297 multa
339 3244 404 3288 me
421 3231 526 3287 certo
544 3230 675 3282 tenere
698 3206 897 3305 affirmare
907 3208 1079 3309 soleam.

308 3342 508 3440 Georgica
543 3335 788 3407 Maecenatis
817 3333 942 3431 suasu
974 3361 1025 3406 ac
1055 3331 1213 3430 consilio

185 3468 359 3571 scribere
372 3454 578 3561 suscepiffe
593 3474 779 3559 poetam,
804 3472 849 3528 vt
866 3456 1071 3535 hominum
1090 3463 1217 3531 animi

197 3595 252 3667 od
274 3592 366 3690 agri
390 3585 547 3657 colendi
558 3579 701 3678 studia
724 3598 1023 3660 reuocarentur,
1058 3565 1218 3654 Britan·

200 3738 340 3788 norum
361 3706 662 3782 nonnullorum,
695 3704 905 3783 Wartoni,
933 3700 1076 3799 Crusri,
1109 3709 1220 3782 Mar.

203 3841 293 3916 tini,
326 3833 567 3933 elegantium
589 3831 786 3905 uirorum,
827 3824 881 3926 <sl
902 3831 1048 3926 opinio.
1095 3828 1221 3902 Italia

197 3959 295 4063 sone
326 3954 435 4029 bellis
473 3950 652 4024 ciuilibus
683 3966 841 4022 tantum
873 3978 955 4025 non
988 3955 1031 4022 in
1066 3947 1224 4045 uastam

202 4081 457 4179 solitudinem
478 4092 565 4148 erat
580 4074 768 4159 redacto;
792 4079 985 4153 veterani,
1011 4077 1112 4145 inter
1129 4091 1226 4172 quos

241 4233 266 4298 ⁴)
284 4235 410 4287 Arciam
425 4229 585 4285 characters
600 4225 724 4284 dednc'd
733 4219 1228 4300 sromelafflcalfiensatns1763,8.
