2692 4914
242 320 339 372 xm
562 281 954 358 PRAEFATIO
1051 326 1062 346 .

248 517 447 585 verterem,
494 511 592 591 quae
612 486 742 586 pulcra
763 491 803 559 in
825 504 939 586 poeta
962 502 1001 557 et
1020 483 1211 585 praeclara
1232 488 1291 559 in·

250 635 418 736 lignique
432 625 555 724 aliqua
569 621 756 725 venustate
772 620 966 694 nobilitata
983 618 1074 710 sunt,
1088 639 1128 690 vt
1141 619 1288 712 iisdem,

250 775 291 846 in
312 769 390 840 aliis
414 765 553 863 poetis,
587 755 662 830 [lue
688 754 925 830 obseruandis
943 781 987 828 ac
1003 753 1292 854 deprehenden-

252 905 309 979 dis
333 898 409 973 [lue
426 894 691 982 diiudicandis,
714 888 978 964 adsuescerent.
1031 893 1157 985 Quam
1179 895 1294 964 inter.

192 1013 197 1021 ι
252 1056 403 1142 pretum
425 1028 500 1103 siue
524 1027 720 1103 sollertiam
744 1022 820 1097 srue
842 1020 1056 1096 industriam
1077 1050 1165 1098 cum
1187 1023 1295 1126 saepe

252 1178 294 1248 in
308 1165 440 1270 puerili
456 1163 620 1238 lectione
638 1157 894 1247 desiderarim,
919 1156 1077 1231 aliorum
1090 1163 1186 1231 votis
1201 1157 1295 1234 simi·

253 1306 352 1385 libua
381 1301 462 1376 satie
489 1295 613 1372 sacere
640 1295 715 1368 hoe
744 1289 908 1366 instituto
936 1291 1057 1384 volui,
1111 1290 1296 1395 simulque

255 1435 471 1538 exemplum
489 1453 703 1531 proponere
725 1431 786 1519 iis,
817 1431 882 1527 qui
897 1426 968 1500 alia
985 1426 1085 1501 bona
1103 1425 1295 1528 disciplina

204 1550 210 1569 Ι
255 1572 305 1652 vsr
325 1595 405 1646 non
427 1563 525 1655 sunt,
553 1582 591 1636 vt
605 1561 786 1652 habeant,
818 1561 867 1633 ad
882 1559 986 1661 quod
1001 1558 1036 1635 se
1051 1582 1294 1661 componant,

255 1707 348 1788 stin
374 1698 532 1778 iuuenili
563 1715 677 1774 coetu
705 1715 837 1796 poetas
865 1695 1087 1796 praelegunt
1114 1715 1153 1770 et
1181 1702 1295 1772 inter-

255 1858 461 1950 pretantur.
527 1838 766 1934 Quamquam
794 1834 895 1906 enim
927 1831 991 1903 illa
1018 1837 1113 1905 ratio
1139 1829 1299 1908 difficul·

256 1981 343 2054 tatis
370 1973 618 2072 aliquantum,
663 1966 790 2066 paullo
812 1965 896 2066 plus
927 1969 1039 2041 etiam
1091 1968 1133 2039 ir'r
1162 1965 1200 2042 se
1236 1969 1300 2043 ha·

256 2111 341 2200 bet,
390 2130 503 2208 quam
525 2109 746 2201 promittere
768 2098 933 2188 videtum
982 2096 1059 2175 fine
1080 2101 1147 2175 tali
1170 2123 1297 2178 tamen

258 2240 576 2342 interpretationis
605 2262 743 2336 genere
763 2241 824 2309 vix
843 2235 936 2307 vllus
957 2260 1064 2309 verus
1084 2234 1229 2312 fructus
1250 2238 1300 2313 ad

261 2379 544 2477 elegantiamet
565 2375 704 2470 ingenii
725 2370 1015 2471 perpolitionem
1034 2389 1100 2444 aut
1119 2377 1300 2449 orationis

262 2513 546 2589 exornationem
571 2530 618 2580 ex
639 2525 778 2606 poetae
798 2504 963 2578 lectione
982 2509 1065 2606 capi
1085 2506 1219 2605 potest

351 2646 470 2717 Poeta
498 2638 574 2741 ipse
602 2665 650 2713 ex
684 2642 887 2712 Burmanni
919 2635 1156 2734 recensione,
1202 2669 1301 2745 quae

260 2775 498 2859 Heinsranam
522 2772 701 2875 sequitur,
746 2778 855 2849 vnice
876 2770 1061 2874 expressus
1086 2773 1194 2870 est;‘)
1229 2805 1302 2856 nec

264 2921 468 3020 quicquam
486 2914 527 2984 in
550 2927 729 2986 contexto
751 2927 953 3001 mutatum;
990 2935 1070 2983 non
1096 2910 1202 3010 quod
1223 2939 1303 2987 non

262 3049 350 3126 loca
370 3053 410 3122 in
426 3044 581 3146 Virgilio
597 3043 720 3118 adhuc
736 3061 800 3116 aut
814 3043 955 3117 mendo
971 3062 1036 3116 aut
1051 3044 1182 3118 mendi
1196 3044 1304 3148 suspi-

266 3188 379 3262 cione
398 3181 571 3256 laborare
588 3176 808 3272 existimem,
828 3204 958 3255 rerum
975 3182 1154 3279 quoniam
1168 3194 1306 3281 magna

266 3315 400 3392 harum
422 3316 700 3388 correctionum
722 3339 806 3413 pars
825 3311 873 3387 ad
895 3310 1034 3387 sensum
1049 3340 1182 3414 parum
1202 3314 1303 3416 spec-

267 3465 341 3538 tat,
372 3471 444 3520 nec
463 3446 603 3546 vbique
621 3446 670 3519 ad
686 3453 865 3521 orationis
882 3447 1120 3548 elegantiam,
1147 3448 1210 3524 sed
1225 3451 1305 3552 ple·

263 3605 424 3681 tumque
444 3583 483 3652 in
504 3582 625 3655 verbis
649 3601 688 3656 et
706 3581 876 3656 formulis
897 3579 1077 3671 versatur,
1110 3586 1304 3684 inquibus

262 3714 420 3806 librarii,
445 3721 691 3813 grammatici,
727 3722 862 3807 critici,
903 3735 940 3791 et
961 3717 1124 3792 editores
1147 3737 1304 3794 conten.

263 3827 356 3923 dere
377 3854 473 3922 inter
495 3846 530 3922 se
554 3848 687 3941 solent,
717 3867 756 3920 vt
776 3851 879 3949 quod
896 3852 988 3926 alius
1006 3858 1185 3944 eiecerat,
1208 3854 1304 3929 alter

259 4001 427 4060 reuocet.
480 3986 647 4058 Omnino
670 4001 796 4056 autem
814 3989 854 4058 in
878 3984 1095 4064 recensione
1115 3986 1301 4091 scriptoris

301 4151 333 4230 η
353 4148 503 4231 upana
523 4150 638 4214 renen
658 4120 810 4214 ennon.
