2692 4914
126 349 223 406 ,κη
307 285 310 292 ’
459 320 849 413 PRAEFATIO

128 536 375 641 occupata
413 514 619 608 meditati
650 511 847 635 eramus,
896 540 943 612 et
973 553 1082 616 cum
1109 525 1171 628 iis.

123 683 210 776 ⁴ad
241 714 358 807 quae
395 681 670 797 accedimus,
715 685 982 812 copulamus
1019 687 1171 806 aliena

151 881 268 978 quae
293 845 438 941 lusum
464 850 645 979 ingenio
672 844 863 966 faciunt3
922 884 1067 978 eaque
1091 853 1171 947 ali<

151 1041 358 1142 tempore
397 1045 425 1103 a
444 1012 673 1104 nobismet
708 1014 812 1141 iplis
841 1015 1049 1109 damnari
1079 1021 1171 1144 quit

150 1180 363 1273 miretur?
417 1181 642 1296 Quaeres
661 1179 989 1298 animaduersa,
1023 1184 1057 1275 fi
1081 1182 1170 1275 nul

149 1348 243 1439 lam
269 1343 406 1436 aliam
433 1342 632 1436 modeste
661 1343 718 1437 de
742 1345 875 1438 nobis
902 1344 1121 1441 sentiendi
1140 1381 1170 1441 e

152 1541 299 1637 aequa
317 1506 537 1600 statuendi
567 1508 624 1602 de
654 1509 750 1603 aliis
780 1508 973 1604 cardlam
991 1512 1170 1606 habere

150 1709 275 1792 mus,
317 1672 390 1769 vel
408 1706 498 1770 vna
525 1671 625 1768 satis
648 1673 751 1768 ellet
771 1675 832 1767 ad
851 1676 1170 1770 retundendam

135 1873 338 1938 omnem
373 1843 513 1933 animi
550 1845 853 1972 arrogantiam
891 1864 935 1933 et
976 1846 1026 1934 in
1066 1842 1170 1936 alios

153 2010 453 2102 acerbitatem.
518 2009 637 2100 Cum
667 2006 961 2098 excuderetur
979 2006 1097 2100 liber
1114 2031 1170 2135 ty·

135 2177 224 2301 ·pis
254 2171 343 2263 alia
368 2173 417 2260 in
441 2170 568 2285 vrbe,
607 2202 695 2264 nec
719 2171 833 2262 mihi
860 2168 1049 2266 facultas
1075 2173 1169 2267 data

154 2334 257 2431 ellat
276 2332 561 2464 plagularum
578 2333 971 2463 inspiciendarmn:
1020 2340 1070 2428 in
1088 2336 1169 2431 ior·

152 2525 290 2594 tunae
311 2496 531 2591 beneficio
552 2500 721 2616 habe0‚
746 2499 945 2633 obtigille
966 2503 1099 2619 mihi,
1133 2530 1169 2600 n

153 2672 203 2760 in
231 2664 532 2792 superioribus
570 2664 863 2782 editionibus,
916 2673 980 2760 ita
1014 2672 1063 2758 in
1090 2670 1169 2766 ha<

153 2862 356 2958 qnoque,
404 2852 706 2923 correctorem
737 2835 885 2924 virum
913 2833 1101 2926 doctum
1135 2863 1169 2930 et

154 3000 316 3092 eximie
347 2995 419 3087 his
452 2993 609 3087 litteris
638 2995 882 3110 imbutum,
947 3001 1168 3092 Carolum

156 3162 472 3281 Christianum
504 3162 587 3252 W
577 3160 754 3264 andlar,
778 3166 829 3253 A.
844 3167 907 3253 Μ.
933 3168 1060 3256 cuius
1079 3165 1168 3257 dili-

152 3330 330 3459 gentiae
354 3347 399 3417 et
420 3322 636 3418 sollertiae
657 3328 706 3416 in
721 3322 995 3451 allequendis
1013 3330 1168 3422 calami

152 3496 244 3584 mei
266 3489 473 3582 ductibus
505 3491 617 3582 etin
641 3491 746 3618 ipfis
767 3490 990 3585 sententiis
1006 3494 1168 3624 perspi·

152 3655 324 3752 ciendis
351 3654 546 3748 multum
573 3688 650 3749 me
685 3655 849 3752 debere
886 3680 1038 3790 gratus
1065 3695 1168 3789 pro·

150 3821 291 3917 fiteor.

211 3987 441 4106 Excursus
459 3985 666 4080 nonnulli
681 3983 892 4083 accessere
906 3992 1038 4082 noui:
1057 3982 1167 4116 quoi

147 4159 196 4247 in
229 4151 482 4280 Conspectu
500 4156 661 4281 operis
695 4151 891 4251 subiecto
920 4156 1167 4286 designatos
