2700 4906
266 335 583 426 TERTIAE
618 337 984 433 EDITIONIS
1129 376 1208 432 rx·

146 552 347 623 mentem
377 551 425 622 et
456 524 627 660 sensum
650 530 700 619 in
732 553 924 660 vtroque
952 535 1205 631 redditum.

149 692 475 788 essevolumus.

225 856 590 988 Descriptionem
611 892 780 988 operae
805 892 937 955 meae
965 887 1012 958 et
1038 867 1180 961 confi·
1226 891 1230 900 ·

147 1026 260 1118 lium
296 1023 482 1152 exposui
512 1030 561 1118 in
589 1023 946 1154 praefationibus
981 1026 1203 1159 superio·-

146 1225 249 1284 mm
267 1189 535 1311 editionum,
555 1223 676 1317 ‚quas
700 1224 755 1284 ea
777 1188 1009 1309 decausis,
1041 1222 1090 1292 vt
1102 1199 1179 1295 hic

146 1361 311 1449 iterum
337 1386 638 1484 apponerem,
688 1354 911 1450 necessum
946 1358 1031 1454 esse
1072 1365 1179 1481 vidi,

146 1544 242 1614 tum
280 1526 332 1612 in
365 1521 672 1647 disquisitione
704 1521 764 1614 de
797 1525 1009 1642 Carmine
1045 1533 1179 1656 epico

149 1712 193 1782 et
219 1689 321 1780 aliis
347 1684 508 1813 passtm
532 1684 666 1801 loeis,
711 1717 829 1812 quae
849 1690 904 1781 iis
928 1687 1080 1783 saltem
1109 1699 1179 1788 in·
1205 1762 1214 1774 .

147 1853 374 1983 spicienda
394 1874 544 1967 erant,
586 1855 667 1978 qui
690 1851 861 1946 iudices
881 1849 1031 1948 sedere
1052 1880 1098 1951 et
1122 1859 1180 1954 de
1204 1912 1208 1925 ·

148 2017 319 2113 summa
365 2019 518 2145 operis
559 2016 755 2111 calcidos
792 2015 912 2111 serre
954 2021 1177 2121 volebant

148 2190 281 2281 Nunc
303 2188 459 2309 itaque
483 2214 579 2274 non
599 2181 681 2274 nisi
704 2212 854 2309 pauca
871 2180 1177 2319 subiungenda

151 2348 245 2443 sunt
268 2350 328 2443 de
357 2349 557 2442 editione
582 2347 671 2441 hac
697 2379 841 2441 noua:
888 2355 1015 2445 cuius
1040 2387 1178 2452 omne
1209 2424 1212 2429 -

152 2515 382 2609 consilium
397 2509 804 2607 debeturFritschio
819 2516 982 2633 nostro,
996 2522 1093 2614 viro
1108 2524 1177 2613 in·
1212 2591 1218 2597 -

154 2683 365 2812 telligenti
378 2702 424 2773 et
438 2677 610 2793 sollerti,
641 2679 879 2804 bonaeque
890 2680 1036 2777 laudis
1050 2689 1178 2813 cupi·
1207 2756 1214 2764 .
1286 2663 1288 2666 ’

158 2847 234 2939 do:
262 2849 343 2973 qui
363 2879 469 2939 cum
484 2849 532 2937 in
549 2845 688 2938 altera
702 2845 899 2941 editione
915 2850 1179 2945 adornanda

160 3012 428 3140 exemplaria
442 3010 594 3105 multis
609 3015 896 3127 ornamentis,
913 3041 1176 3143 argumento

160 3212 208 3270 ex
221 3182 419 3306 antiquis
435 3179 647 3306 operibus
667 3179 831 3304 patim,
859 3177 985 3271 caelo
1009 3178 1180 3308 expres-

160 3346 221 3459 sis,
247 3343 395 3438 sumtu
413 3343 539 3436 haud
551 3341 781 3458 mediocri,
796 3327 1057 3461 adornasset,
1071 3379 1180 3441 mox

160 3509 444 3603 librariorum
487 3507 810 3603 nonnullorum
845 3512 962 3605 inter
1007 3515 1181 3607 Britan-

162 3709 240 3770 nos
261 3677 377 3771 lucri
397 3675 644 3803 cupiditate
671 3669 927 3802 oppressum
949 3674 992 3771 se
1010 3679 1182 3796 videns,

164 3841 530 3970 quandoquidem
552 3839 616 3933 illi
638 3837 843 3935 formulis
869 3840 953 3936 suis
981 3867 1186 3972 repetere
1301 3861 1309 3878 ‘

166 4041 255 4100 eam
270 4009 522 4104 editionem
537 4008 872 4124 constituerant,
895 4009 1078 4104 consilio
1094 4009 1186 4101 hoe

170 4198 207 4268 et
237 4172 501 4275 necessitate
544 4178 878 4273 circumuentus
925 4200 1073 4272 totum
1113 4207 1189 4267 ex-
