2692 4914
263 411 266 418 Ι
313 312 659 389 GEORGICON
682 311 784 381 LIB.
804 310 1010 408 l,1a-t9
1112 341 1185 416 277

160 508 406 580 Tercentum
425 503 527 573 niuei
548 495 708 572 tondent
732 495 888 570 dumeta·
903 500 1054 571 iuuenci
1061 527 1071 588 ;
1140 499 1184 574 15

158 638 252 741 lple,
297 660 429 710 nemus
456 633 628 733 linquens
648 633 808 730 patrium
832 627 1015 729 saltusque
1038 635 1183 727 Lycaei,

157 777 245 864 Pan,
273 777 404 846 ouium
420 766 557 857 custos,
584 761 691 838 tuafi
711 761 779 836 tibi
792 763 963 836 Maenala
984 790 1114 860 curae,

156 905 276 997 nafis,
310 931 335 979 o
350 909 539 1004 Tegeaee,
574 898 721 987 fauens5
762 878 944 998 oleaeque
962 901 1134 975 Minerua

156 1043 366 1128 Inuentrix3
403 1043 565 1139 uncique
594 1057 689 1135 puer
714 1030 935 1122 monstrator
954 1038 1083 1126 aratri3
1171 1117 1173 1121 ¹

203 1215 257 1275 '¹6
281 1219 316 1275 erl
337 1199 449 1278 Aizaroi
468 1208 535 1284 ὅρος.
574 1211 647 1266 Male
668 1211 753 1284 Lyae!
774 1209 906 1266 edebatur.
934 1211 1003 1268 conf.
1023 1214 1078 1268 Ecl.
1092 1214 1126 1279 X,
1141 1216 1181 1274 ri.
1287 1255 1289 1259 >

154 1305 220 1359 Mox
239 1307 276 1360 fd
289 1311 412 1359 Melaena
434 1297 479 1368 ὅρη
499 1299 565 1352 sunt.
637 1314 666 1366 ¹7
676 1295 707 1367 fi
717 1295 778 1366 seat
800 1298 853 1350 tibi
870 1291 967 1352 Moret.
992 1301 1098 1370 primur.
1134 1318 1185 1355 tua

148 1388 188 1458 sat
207 1390 260 1444 tibi
279 1388 401 1449 Vatini..
441 1384 484 1439 l'ed
503 1383 534 1455 fi
553 1403 584 1437 ex
601 1381 713 1435 formula
735 1381 881 1437 obtestandi
905 1384 1022 1438 ductum.
1071 1386 1183 1457 Elegrns

156 1492 243 1528 nmen
258 1471 295 1528 est
308 1472 445 1527 Schraderi
464 1469 613 1523 emendatio
629 1466 702 1521 Obff.
718 1470 767 1529 ts
792 1482 841 1520 tua
852 1468 908 1537 seu
930 1470 981 1522 ubl
1001 1473 1044 1524 M.
1067 1473 1146 1525 etiam
1167 1490 1184 1524 ι

155 1560 287 1614 iimckio
308 1574 425 1628 recepta,
457 1555 499 1609 len
513 1553 636 1609 Maenala
657 1569 700 1606 rur
720 1554 767 1606 tibi
786 1570 862 1605 curae
881 1552 954 1616 lunt,
980 1553 1007 1607 b.
1027 1555 1183 1610 Maenalon

156 1664 224 1699 nunc
247 1643 408 1714 frequenter,
428 1643 455 1695 in
476 1660 509 1694 eo
528 1655 620 1693 moure
637 1637 748 1693 versaris.
783 1638 858 1692 Idem
877 1640 1023 1694 coniecerat
1042 1642 1068 1693 in
1082 1641 1183 1696 schedia

158 1749 280 1782 munera.
360 1730 391 1783 aa
410 1729 542 1799 Tegeaee.
577 1725 659 1780 Recto
677 1724 730 1776 iam
750 1719 783 1774 ab
802 1722 871 1775 Aldo
891 1721 1006 1777 editum}
1043 1730 1180 1794 Tryraior,

158 1814 203 1868 aii
221 1815 330 1886 Tegeee
348 1829 375 1869 et
400 1814 525 1884 Tegaee,
544 1810 588 1864 led
601 1809 653 1864 vid.
667 1808 702 1862 ad
714 1813 778 1860 Aen.
792 1807 826 1870 V,
838 1824 897 1878 299.

159 1943 647 2032 Pind.t>yth.1x,104rq.ap01-
688 1944 787 2018 nolus,
814 1945 961 2007 Arcadiae
982 1960 1090 2015 mont,
1115 1944 1182 2028 pas·

159 2050 217 2113 lon.
239 2051 286 2120 11,
313 2053 376 2112 500
393 2051 455 2134 sqq.
477 2050 532 2126 IV,
557 2053 645 2112 1152.
689 2045 752 2107 cuir
767 2053 923 2131 egregius,
950 2044 1068 2108 tibiali
1088 2048 1183 2131 longe

161 2153 191 2211 ti
212 2151 257 2212 ibi
275 2151 378 2212 Schol.
401 2151 481 2232 etth.
504 2153 525 2212 l.
548 2154 646 2226 Seru,
689 2147 879 2232 gratiffimua,
899 2165 933 2211 tu
949 2149 1026 2210 mihi
1039 2169 1104 2210 rem
1126 2171 1182 2232 pe·

162 2274 247 2334 quem
271 2254 445 2335 pleniorem
468 2252 574 2312 habuit
598 2254 649 2313 lu·
689 2258 824 2313 euariam
852 2258 991 2314 tractanti
1019 2257 1181 2335 propitius,

162 2354 209 2416 lius
237 2357 378 2416 Sabinus.
416 2355 471 2415 inf.
500 2356 558 2417 Ge.
585 2355 646 2424 1v‚
687 2375 808 2433 precor,
825 2353 909 2416 adfis.
952 2359 999 2420 18.
1019 2357 1183 2434 Tegeaeae
1239 2342 1244 2349 ¹

163 2458 215 2537 317
239 2458 304 2541 sqq.
331 2456 426 2518 Diod.
448 2455 503 2529 IV,
525 2461 576 2525 81,
594 2459 645 2519 82.
688 2455 753 2515 Pan
774 2454 813 2515 ab
826 2458 932 2540 Tegea
952 2456 1070 2539 oppido
1089 2461 1182 2522 Arca·

165 2557 213 2618 llic
242 2576 374 2641 propter
406 2558 585 2640 pascuorum
615 2574 647 2620 et
689 2554 768 2630 diae,
797 2561 831 2617 in
847 2580 908 2642 qua
931 2575 963 2620 et
982 2574 1102 2620 montes
1120 2562 1181 2645 Ly-

165 2656 281 2720 lrltuum
323 2682 427 2721 curam
476 2666 645 2721 inuocatur.
689 2678 777 2718 caeus
804 2674 836 2719 et
856 2661 1027 2721 Maenalus.
1085 2663 1120 2720 Si
1147 2666 1182 2722 in

165 2782 290 2823 remora
306 2765 384 2823 dicta
402 2762 470 2822 sunt
488 2784 546 2843 pro
569 2764 646 2823 salti-
687 2762 935 2821 inuocationibus
953 2777 984 2820 et
1005 2760 1181 2825 obtestatio·

165 2859 226 2938 bus,
259 2865 420 2947 inquibus
439 2864 546 2943 pascua
568 2866 643 2925 sunt.
685 2860 776 2920 nibus
795 2860 1077 2945 frequentiffimum.
1099 2888 1127 2925 v.
1148 2864 1180 2926 h.

164 2963 250 3027 Etiam
280 2988 307 3025 v.
348 2969 384 3027 15
420 2964 554 3024 dumeta
585 2989 643 3047 pro
685 2963 705 3021 l.
721 2964 824 3022 Burm.
872 2969 1181 3048 19.vn0iqaepuer,

163 3065 273 3128 saltibus
280 3107 294 3137 ,
333 3067 403 3128 loco
423 3067 546 3127 arbustis
569 3090 643 3128 con·
685 3063 882 3141 monſtrator
896 3071 1022 3139 aratri,
1054 3069 1180 3148 Tripto·

162 3165 217 3234 lito.
290 3172 448 3250 pinguia,
506 3168 641 3230 herbosa.
684 3168 781 3227 lemus
817 3166 984 3228 Eleusinios
1020 3189 1037 3230 a
1065 3171 1179 3233 Cerere

161 3269 307 3336 tondent,
328 3271 452 3351 pascunt
472 3269 579 3331 herbas
598 3278 645 3332 in·
687 3276 856 3331 arationem
880 3271 1016 3330 edoctus.
1049 3273 1086 3332 cl.
1109 3274 1180 3336 Cal·

159 3369 334 3432 terarbusta
351 3389 445 3432 natas.
482 3376 543 3433 Aut
557 3396 645 3454 prae·
686 3373 749 3432 lim.
773 3376 805 3432 in
828 3375 930 3434 Cerer.
958 3394 986 3432 v.
1010 3395 1049 3435 aa
1072 3375 1179 3461 ibique

156 3473 216 3536 leur
232 3495 292 3556 pro
310 3478 476 3555 praeterito
497 3474 644 3554 posituim
686 3472 851 3554 spanhem.
886 3476 923 3535 ln
938 3482 1064 3557 gemmis
1078 3500 1178 3563 aeque

154 3595 221 3650 rut,
259 3593 415 3659 tamquam
438 3593 530 3656 poeta
553 3578 645 3636 deum
688 3592 779 3658 atque
809 3582 841 3637 in
871 3577 935 3636 aliis
971 3587 1178 3642 monumentis

152 3678 252 3739 adbuc
278 3683 313 3738 in
334 3678 429 3738 insula
455 3678 646 3757 praesentem
687 3684 819 3739 occurrit
848 3679 942 3738 modo
970 3701 1065 3759 puer,
1112 3703 1180 3744 mo·

151 3800 244 3864 agere
264 3784 370 3843 cernit.
412 3779 448 3838 ln
472 3779 551 3862 seqq.
574 3796 645 3839 ante
687 3781 728 3841 do
761 3781 838 3863 bigis
871 3781 1038 3841 draconum
1067 3800 1180 3851 vectus.

148 3885 257 3945 oculos
287 3897 377 3943 erant
410 3880 509 3942 versus
540 3880 644 3943 Theo·
687 3884 781 3963 Quod
802 3903 918 3943 nomen
940 3904 1006 3944 non
1029 3887 1178 3966 apposuit,

148 3991 217 4047 criti
254 3985 342 4068 Idyll.
377 3983 411 4056 1,
453 3985 529 4055 123,
573 3993 641 4063 124.
685 3984 758 4044 lecit
789 3999 822 4044 vt
855 3999 967 4064 poeta;
1002 4007 1069 4048 non
1095 3983 1179 4069 quati

149 4111 200 4170 17·
236 4103 296 4148 tua
322 4084 356 4162 fi
391 4084 452 4144 tibi
483 4087 643 4145 Maenala
684 4086 769 4145 litem
799 4085 838 4145 de
872 4089 961 4145 aratri
996 4090 1179 4149 inuentione

144 4211 261 4267 caerae,
282 4189 536 4274 quandoquidem
557 4190 643 4250 Mae·
684 4187 769 4250 luant
806 4189 925 4265 facere¹
945 4189 1104 4287 nolueritg⁸
1144 4202 1178 4248 vt
