2692 4914
162 329 513 405 GEORGICON
542 327 691 419 ΗΜ,
712 325 916 424 167-174
989 317 1065 408 315

129 542 150 590 e
173 543 298 608 aures,
330 516 470 617 duplici
493 533 666 615 aptantur
687 512 849 590 dentalia
869 511 988 586 dorlo.

128 652 216 725 litur
239 671 276 727 et
297 651 376 726 tilia
404 670 490 724 ante
509 655 597 749 iugo
618 649 729 739 leuis,
773 648 921 751 altaque
940 648 1045 746 fagur

128 812 231 887 tque,
263 810 361 888 quae
381 810 510 862 currus
533 811 556 858 a
578 803 682 884 tergo
706 801 879 886 torqueat
900 788 1014 870 imos3

128 988 153 1029 ta
171 971 247 1024 Btna
265 977 341 1022 auris
357 969 454 1023 Moror.
466 987 522 1042 pr..
539 966 635 1040 probat
648 964 752 1028 Heinl,
770 965 853 1020 reiicit
865 967 955 1021 Burm.
991 965 1067 1019 Bina

137 1055 218 1109 Goth.
239 1075 278 1124 pr.
320 1053 543 1109 aureisBoecler.
592 1054 713 1107 dentllia
726 1054 822 1106 Moror.
844 1050 892 1104 sec.
934 1051 1068 1123 Copulam

128 1139 264 1193 imadiici:
300 1141 464 1211 duplictque
486 1139 583 1207 mir0r;
613 1157 672 1191 cum
688 1137 803 1190 sollenne
822 1136 876 1191 lroc
896 1135 928 1190 lit
948 1135 1066 1189 librariis.

128 1227 177 1278 :lea
190 1225 278 1287 Gud,
297 1225 375 1286 male,
396 1242 421 1278 et
436 1223 587 1278 aduersante
600 1239 692 1277 metro.
727 1222 832 1279 Editur
847 1238 874 1277 et
885 1221 995 1278 Mentel.
1008 1235 1067 1276 tert.

128 1319 185 1366 tina
211 1331 322 1384 quoque
343 1326 370 1363 et
397 1330 492 1363 currus
509 1310 550 1362 ed.
573 1310 641 1364 Van.
687 1309 822 1380 Stiuaquo
845 1328 940 1367 currus
964 1307 1066 1363 Bodlei.

128 1395 149 1449 le
173 1397 259 1467 vtique
286 1397 381 1469 copula
401 1397 428 1450 in
447 1401 589 1467 Stiuaque.
636 1393 758 1448 Dobabat
779 1393 829 1448 elle
843 1385 951 1468 sugast,
975 1393 1067 1466 silua,

128 1481 311 1555 rpofirionem,
337 1500 404 1556 quaa
421 1480 538 1537 fitlliua.
573 1480 704 1535 Mutina·
722 1497 778 1534 non
793 1478 1068 1535 maloemendandum

128 1652 209 1717 rbafi
231 1678 266 1717 ac
288 1655 403 1725 fundo;
428 1651 535 1736 pollen
576 1657 642 1737 pit,
683 1657 732 1714 cui
751 1675 859 1717 vomer
886 1655 1069 1726 includitur:

128 1759 194 1820 ,erte
210 1757 254 1822 eil
266 1775 297 1820 et
310 1763 446 1818 iniuncta
454 1756 535 1818 trabs
577 1760 695 1841 quippe
711 1760 795 1816 cuius
810 1753 940 1819 rostrum
955 1773 1068 1819 terram

128 1867 232 1935 ertica,
248 1883 328 1945 quae
341 1882 399 1942 pro
409 1877 535 1922 temone
576 1859 775 1941 proscindens
795 1856 970 1921 dictumest
988 1858 1071 1919 dene

128 1987 131 2024 ε
152 1966 198 2025 lta
214 1964 284 2024 huic
299 1964 378 2036 buri,
403 1960 537 2039 ajlirpe
578 1962 661 2043 apud
675 1961 796 2022 Colum.
811 1961 850 2034 ll,
867 1970 899 2039 4,
915 1966 945 2032 6,
967 1978 998 2023 et
1014 1963 1070 2025 inl.

128 2068 232 2129 r'eriore
246 2082 334 2148 perte
351 2069 461 2137 tmnci‚
491 2066 535 2142 (vt
578 2068 639 2128 262
677 2064 822 2124 vomeris
855 2064 959 2141 obtrest
991 2065 1071 2125 den·

128 2171 160 2245 ll,
183 2173 245 2233 312
290 2190 359 2227 non
383 2189 407 2226 a
426 2166 532 2248 stirpe
577 2181 661 2235 tem,-
681 2165 752 2241 sed,
773 2169 932 2250 quomodo
946 2169 1072 2231 aut‘dn-

128 2287 193 2333 rtet
203 2293 225 2330 a
229 2268 469 2351 stirpibusimis
477 2272 535 2331 Ge.
575 2269 657 2352 plici
675 2267 774 2348 dorso
789 2276 887 2350 apton'
905 2288 958 2333 aut
972 2272 1072 2354 ipsum

128 2377 156 2461 ἦ.
178 2373 221 2434 de
243 2372 344 2454 stirpe
365 2376 431 2432 imo
457 2376 537 2434 Aen.
580 2372 705 2454 duplici
738 2372 835 2451 dorso
871 2372 931 2437 elle
966 2373 1070 2457 poffit,

137 2478 216 2556 208)
244 2493 338 2549 tem0,
365 2471 537 2556 ἱστοβοεδς,
580 2474 706 2538 difficile
738 2476 821 2538 dictu
857 2493 931 2538 erat.
977 2479 1071 2541 Nunc
1100 2506 1102 2511 ¹

128 2600 158 2638 m
184 2594 267 2652 octo,
308 2596 374 2641 tum
396 2600 482 2644 aures
504 2593 538 2637 et
578 2580 708 2641 meliora
742 2579 870 2641 edoctus
899 2579 1009 2642 lubens
1039 2586 1074 2644 in

128 2682 177 2740 ilia
199 2685 369 2763 iunguntur
383 2698 414 2742 et
430 2697 538 2763 epten·
580 2703 648 2742 eam
668 2680 851 2743 sententiam
868 2684 1018 2756 concedo,
1040 2700 1073 2744 vt

128 2782 301 2846 Aureselle
315 2784 538 2864 videnturpro·
580 2784 714 2845 dentale
750 2781 787 2844 fit
832 2783 895 2864 ipse
940 2790 1072 2847 vomeris

128 2891 212 2947 ntiae
235 2886 338 2959 duae,
371 2885 433 2947 fine
456 2884 538 2946 affixi
581 2890 676 2959 dens,
717 2889 772 2968 qui
795 2884 891 2945 solum
916 2887 1072 2970 infringit:

128 3010 195 3071 tque
219 2986 352 3049 allerculi
373 3005 426 3049 aut
445 2991 539 3051 ferra-
580 2996 622 3051 vti
653 3011 670 3049 a
699 2989 871 3050 Columella
897 2988 940 3059 11,
974 3010 1009 3063 a,
1031 2998 1073 3070 24

128 3111 168 3165 a,
195 3092 306 3175 quibus
329 3092 426 3153 sulcus
447 3093 539 3152 latior
580 3098 685 3153 iuncta
710 3092 870 3174 leguntur:
903 3090 955 3150 vbi
970 3092 1074 3155 Celsus

130 3209 194 3270 tur,
242 3210 274 3254 et
294 3196 349 3253 lira
370 3194 422 3255 seu
443 3214 539 3279 porca
580 3195 688 3273 censet
728 3194 856 3272 exiguis
887 3194 1076 3256 vorneribns

128 3318 143 3358 ,·.
207 3299 287 3356 Hinc
316 3296 470 3357 Palladius
492 3300 538 3357 tit.
580 3313 613 3357 et
636 3295 824 3357 dentalibus
845 3311 967 3357 terram
978 3298 1074 3376 fiebi-

128 3420 170 3475 ,t
201 3414 319 3459 aratra
340 3401 455 3458 artrica
474 3419 540 3458 me·
577 3421 667 3480 gere.
715 3399 850 3481 Duplex
873 3416 977 3462 autem
1007 3407 1074 3463 eiua

128 3518 156 3561 ιῑ.
207 3503 337 3563 Aracra
362 3499 539 3581 snnplicia‚
581 3504 716 3581 dorsum
731 3502 771 3566 ad
786 3502 849 3564 ‹luo
868 3525 954 3565 crura
969 3525 1076 3566 vome·

128 3595 279 3684 fiplana
296 3607 387 3680 regio
403 3605 541 3684 permit·
581 3612 621 3669 ris
645 3607 831 3678 referemus,
857 3627 935 3689 quae
950 3608 1076 3668 Seruius

129 3709 259 3781 artrica,
288 3707 405 3790 quibus
421 3703 541 3789 poffml
582 3710 670 3772 latres
702 3723 879 3794 utrumque
917 3711 1075 3791 appellare

128 3829 165 3868 ra
197 3810 362 3889 stationes
393 3810 541 3867 humoris
581 3813 680 3875 videri
707 3810 809 3873 debet.
865 3813 943 3876 Mox
964 3816 1077 3892 iugum

128 3913 178 3969 mi
191 3912 274 3988 sata
294 3911 425 3990 celsiore
441 3910 540 3989 sulco
584 3937 618 3975 ac
630 3912 755 3992 ftirtal.
772 3918 892 3974 manica
918 3914 1076 3997 (Sterze)

128 4015 168 4076 lli.
195 4016 341 4075 Dentale
353 4014 542 4097 accipiebam
586 4017 775 4079 conficienda
791 4014 981 4090 essedicitur,
992 4034 1079 4098 qnae

135 4117 217 4192 aliis,
253 4119 332 4180 duce
347 4121 473 4193 Seruio,
503 4117 543 4180 de
586 4139 702 4180 currus
725 4122 810 4182 imos
836 4140 860 4179 a
881 4135 973 4197 tergo
1010 4132 1079 4178 tor·

128 4243 153 4295 ι,
177 4221 266 4305 quod
286 4243 445 4286 vomerem
467 4225 544 4285 reci·
587 4237 706 4308 queat,
742 4222 773 4284 h.
804 4238 937 4284 aratrum
967 4217 1077 4308 ipsum,
