2692 4914
245 305 320 378 510
449 299 493 372 P.
514 295 760 371 VIRGILII
789 299 1050 376 MARONIS

244 484 341 562 niret
356 484 510 584 robigo,
537 482 727 584 segnisque
747 483 916 560 horreret
934 488 975 558 in
994 489 1091 558 aruis

247 620 433 696 Carduus:
458 625 645 695 intereunt
667 616 821 718 segetes3
848 617 942 691 subit
963 615 1088 719 uipera
1108 590 1210 706 silua,

245 759 471 866 Lappaeque
490 753 690 853 tribulique
696 780 707 840 3
734 757 905 853 interque
925 756 1081 824 nitentia
1098 751 1200 826 culta

246 888 379 964 Infelix
404 889 534 962 lolium
553 907 591 963 et
612 885 747 961 steriIee
770 885 1009 959 dominantur
1027 909 1183 958 auenae.

334 1053 379 1106 151
408 1051 507 1122 robigo
539 1050 659 1102 melioret
679 1047 817 1126 scribunt:
864 1046 971 1100 dederat
991 1046 1044 1100 hoc
1069 1048 1122 1100 inm
1148 1046 1274 1099 Comme·

247 1134 294 1190 litt.
319 1137 435 1188 ePaltt.
460 1151 485 1188 et
511 1137 644 1188 reuocauit
669 1134 756 1185 Heinl'.
784 1151 832 1204 pro
864 1133 971 1203 rubigo.
1021 1132 1170 1200 horrescet.
1203 1132 1271 1182 Ven.

250 1222 297 1275 153
318 1221 469 1289 tribulique
486 1220 563 1272 Rom.
582 1216 677 1271 Medic.
699 1233 725 1271 et
745 1217 816 1269 Gud.
859 1218 902 1269 Sic
923 1219 1001 1268 etiam
1024 1216 1122 1286 Georg.
1144 1219 1190 1284 ill,
1212 1218 1272 1269 385.

245 1311 370 1356 virentia
394 1307 470 1357 culta
488 1301 603 1355 Parthas.
624 1319 650 1354 et
669 1302 711 1353 ed.
731 1300 841 1354 Mediol.
872 1300 925 1354 Sed
943 1302 994 1352 vid.
1016 1302 1105 1353 Burm.
1125 1301 1159 1351 ad
1172 1300 1271 1371 Georg.

247 1390 288 1450 11,
303 1406 351 1441 nir
374 1392 413 1441 At
432 1389 510 1441 rnrllr
529 1395 629 1440 enituit
646 1386 763 1457 impulso
787 1405 902 1439 vomere
924 1405 1044 1462 campus.
1093 1385 1183 1438 Obuia
1205 1385 1271 1447 lunt,

234 1474 336 1526 'nitere
353 1492 420 1546 quae
434 1473 503 1526 culta
521 1471 593 1535 lunt,
622 1471 735 1545 squalere
755 1487 780 1522 et
799 1471 903 1524 horrere
922 1469 1034 1531 inculta,
1062 1470 1108 1524 illa
1126 1468 1177 1522 effe
1195 1473 1273 1523 laeta

248 1556 379 1629 dspectn
399 1561 464 1611 haec
483 1556 571 1612 tristia.
643 1559 691 1623 154
714 1556 867 1626 nascuntur
883 1557 980 1610 Moret.
1003 1555 1051 1609 lec.
1066 1575 1097 1609 ex
1108 1555 1164 1609 Eu.
1181 1556 1215 1616 V,
1227 1555 1270 1623 57,

247 1714 369 1792 primo,
407 1710 548 1793 adeoque
577 1712 738 1792 quinquies
777 1726 849 1789 pus.
895 1707 987 1768 Nunc
1017 1710 1053 1765 in
1079 1705 1179 1784 denso
1205 1728 1273 1765 non

229 1815 357 1896 ,millies
366 1813 523 1871 ducenties
531 1809 660 1892 sexagies
668 1831 739 1870 cen·
770 1811 910 1888 segnior
965 1808 1064 1868 obere
1126 1808 1274 1867 Bachrts

249 1929 322 1977 tene
348 1915 441 1974 millia
469 1914 738 1989 (526,ooo,0oo)
782 1912 838 1971 Ge.
852 1912 891 1984 11,
915 1916 985 1991 275,
1013 1925 1179 1992 prouentu.
1223 1901 1274 1970 En

249 2037 414 2101 granorum
435 2012 622 2073 seminalium
643 2014 739 2073 altero
781 2014 859 2074 adeo
868 2014 984 2090 segne,
1006 2012 1089 2094 quod
1105 2012 1150 2071 nil
1163 2016 1270 2094 gignit.

226 2139 334 2185 ¹enno
363 2117 492 2196 produci
516 2111 605 2194 polio
636 2119 738 2176 aiunt:
780 2117 945 2189 horreret,
969 2135 1038 2173 cnm
1056 2118 1100 2187 vi,
1125 2135 1184 2194 pro
1207 2133 1271 2174 cre·

247 2220 308 2280 vid.
335 2218 459 2276 Martin.
511 2215 645 2292 segnis,
686 2221 739 2298 qui
779 2216 889 2277 sceret:
953 2231 1101 2299 quatenus
1136 2216 1274 2275 horrere

248 2317 344 2382 efficit
357 2319 448 2400 segne
462 2316 512 2378 seu
531 2319 675 2389 retardet,
700 2318 738 2377 ad
780 2324 879 2400 poetis
894 2320 1036 2380 dicuntur
1049 2322 1153 2385 omnia
1160 2361 1172 2391 ,
1192 2340 1272 2402 qnae

249 2421 466 2504 quodcumque
480 2416 680 2496 adhaerescit3
695 2436 739 2479 te·
780 2437 881 2482 erecta
895 2418 983 2493 stant,
1004 2436 1056 2479 eut
1070 2424 1219 2493 eminent,
1241 2437 1273 2481 vt

247 2539 339 2603 nex„
362 2525 491 2602 Quoties
512 2537 626 2590 tamen,
643 2522 683 2581 ed
708 2520 739 2582 h.
780 2522 835 2603 pili
869 2526 902 2582 in
936 2528 1097 2582 metuentis
1130 2543 1271 2604 corpore,

246 2623 268 2692 l.
302 2624 416 2693 redeo,
454 2629 739 2705 interpretationem
779 2627 883 2705 itaque
918 2639 950 2683 et
983 2623 1099 2704 spinosa
1133 2627 1271 2707 virgulta.

202 2798 204 2803 ,
248 2725 346 2791 sentio
382 2726 521 2787 subtilem
553 2732 647 2810 magis
679 2726 739 2789 ess'e
786 2731 854 2788 152.
880 2724 1003 2801 siluam
1037 2726 1125 2800 voc'at
1153 2728 1270 2807 lappas,

248 2850 343 2912 quarn
368 2849 482 2890 veram.
539 2829 595 2888 Vir
622 2829 739 2903 doctus,
780 2828 853 2888 lolia
870 2843 938 2902 etc,
970 2843 1002 2887 vt
1023 2827 1270 2911 vt761egumi-

248 2933 436 3005 Meierotto,
479 2953 518 2992 eo
553 2930 738 3009 reuocabat,
780 2949 855 2989 num
867 2929 989 3006 siluam
1000 2931 1200 3007 sonantem,
1232 2951 1268 2991 ea

248 3034 334 3116 quod
368 3036 494 3094 carduus
529 3049 661 3094 aratrum
689 3033 740 3092 seu
771 3030 877 3106 subit,
896 3031 1026 3092 succedit
1045 3037 1078 3090 in
1095 3031 1205 3114 legetis
1224 3033 1269 3092 lo·

246 3133 373 3198 restrum
386 3138 530 3195 retardat.
572 3136 634 3195 Sed
652 3155 740 3215 prae-
782 3157 860 3194 cum.
922 3137 989 3198 155.
1019 3134 1138 3214 lappae
1163 3132 1270 3194 nostris

247 3233 305 3300 liet
330 3256 453 3296 manere
481 3241 515 3296 in
539 3233 665 3315 iimplici
693 3256 739 3295 ra·
780 3237 918 3298 Kletten.
976 3237 1091 3300 Plinius
1125 3232 1269 3320 ἀπαρίνην

247 3340 333 3405 tione
363 3339 507 3397 aSeruio
527 3341 586 3397 iam
611 3340 736 3398 tradita:
778 3342 820 3398 ita
839 3338 981 3398 reddidit.
1002 3339 1063 3398 vid.
1082 3338 1208 3398 Martin.
1231 3338 1269 3398 ed

238 3436 355 3515 segnis
368 3437 526 3511 cardons,
546 3440 671 3508 inutilis,
691 3445 737 3500 in·
778 3438 808 3499 h.
831 3441 851 3499 l.
873 3441 1003 3507 tribuli,
1032 3439 1136 3520 spinae
1161 3461 1267 3522 genus,

247 3539 406 3618 fecundus.
462 3543 540 3600 Nam
552 3541 681 3619 segnis,
718 3563 736 3601 a
777 3546 810 3602 in
839 3542 923 3602 Itnlin
952 3543 1105 3625 frequens.
1156 3544 1269 3602 lolium

247 3658 335 3715 motu
373 3643 514 3714 ductum,
557 3644 596 3703 ad
633 3657 735 3702 motus
776 3642 883 3704 nostris
897 3646 1015 3718 Lit'lclr,
1044 3645 1153 3704 lolium
1171 3661 1269 3705 temu·
1320 3631 1327 3649 ⁶

247 3737 373 3806 effectus
429 3746 614 3805 traducitur:
685 3747 736 3806 Sic
777 3747 896 3808 lentum
922 3749 1032 3817 Linn.,
1079 3736 1159 3830 αῗρα.
1206 3747 1265 3805 vid.

235 3844 357 3924 segnes
383 3861 492 3905 terrae
521 3848 578 3908 Ge.
604 3849 650 3920 Il,
681 3852 734 3930 37,
778 3849 921 3929 Geopon.
944 3850 988 3923 ll,
1011 3851 1063 3927 43.
1096 3849 1207 3909 Galen.
1228 3848 1266 3908 de

247 3970 327 4032 quae
343 3969 409 4010 non
425 3965 599 4022 mouentur,
629 3951 735 4010 colun·
775 3951 864 4010 Alim.
880 3951 967 4012 feel
988 3952 1039 4010 vlt.
1059 3950 1137 4011 Plin.
1150 3951 1265 4024 xv111,

245 4065 305 4125 tut,
327 4052 467 4135 adeoque
488 4072 547 4111 nec
569 4053 670 4135 fruger
690 4054 735 4114 fe·
775 4053 861 4130 44,Ι“.
879 4074 925 4133 17.
953 4053 1085 4132 infelix,
1101 4051 1213 4126 sterile,
1234 4068 1266 4117 vt

247 4168 327 4216 runt.
349 4154 423 4236 sup.
437 4174 477 4234 72
512 4155 628 4234 segnis
648 4175 734 4212 cani·
757 4155 857 4233 ,felix
894 4153 986 4224 arbor
1017 4176 1076 4238 pro
1110 4156 1264 4242 lrugdera.
