2692 4914
152 418 156 425 ,
228 325 1028 441 eeouerconurss.1v,pt9-5ee
1104 335 1179 435 757

143 522 347 601 'Carmina
373 522 443 621 qui
473 514 545 615 lust
574 513 804 618 pastorum,
868 521 1085 623 audaxque
1122 525 1182 593 iu·

767 656 902 718 venta,
1104 639 1180 715 565

146 777 309 875 Tityre,
335 785 376 842 te
389 769 562 870 patulae
585 773 711 842 cecini
726 769 805 868 sub
828 777 1000 874 tegmine
1019 773 1130 878 fagi.

221 940 502 1009 P.V1RG1L11
530 940 760 1001 MARONIS
793 944 1100 1008 GEORGICON

279 1042 429 1106 LIBER
458 1042 701 1125 QVARTVS
731 1045 1048 1109 EXPLICITVS.

227 1213 279 1268 565
305 1230 360 1284 quo
385 1209 455 1264 Ven.
472 1205 591 1263 Parrbal'.
638 1227 712 1280 quae
731 1210 838 1263 Comm.
858 1212 957 1285 Cruqu,
981 1215 1074 1268 Horat.
1093 1214 1184 1268 Canu.

145 1300 168 1359 1,
185 1298 228 1359 32,
259 1295 305 1350 led
323 1296 357 1349 ad
370 1296 449 1356 1v,8
476 1295 626 1365 qurhabet.
701 1296 800 1350 566122
820 1299 908 1351 Franc.
933 1300 1040 1369 Meneg.
1083 1309 1186 1354 cecinit

146 1382 248 1438 Medic.
264 1399 291 1436 ot
305 1381 348 1436 olii
363 1381 434 1453 apud
445 1380 568 1433 Pieriam.
615 1388 706 1435 cecini
722 1384 841 1454 patulae
852 1385 909 1454 sub
930 1384 1046 1437 Perrhal.
1066 1401 1092 1439 et
1105 1388 1184 1448 Veri..

147 1469 212 1521 item
232 1469 369 1522 Romanus
392 1465 482 1520 etalii
502 1466 623 1519 Pieriani.
661 1466 786 1519 Ceterum
806 1468 839 1521 de
859 1485 973 1540 quatuor
993 1468 1187 1542 postremorum

145 1552 281 1615 versuum,
304 1569 464 1624 quamquem
484 1551 523 1604 illi
537 1570 592 1605 uon
606 1550 764 1622 inelegantea
778 1552 850 1615 sunt,
884 1557 989 1609 veritate
1003 1556 1087 1610 multo
1101 1558 1186 1628 magio

146 1657 192 1692 me
212 1637 331 1692 dubitare
347 1657 403 1690 non
424 1635 556 1701 diffiteor5
589 1635 706 1688 sollenne
727 1637 797 1689 enirn
817 1637 958 1712 aliquando
977 1640 1042 1703 luit,
1077 1641 1186 1695 laciniae

103 1773 105 1776 ,
145 1724 302 1779 huiusmodi
320 1723 407 1797 poeria
430 1738 560 1787 attexere,
600 1737 627 1776 et
647 1721 673 1774 in
690 1722 831 1794 Virgilium
848 1724 1003 1780 huiuamodi
1027 1725 1137 1781 disticln
1159 1742 1187 1782 et

145 1808 298 1866 tetrasticho
318 1812 347 1862 in
370 1809 512 1862 Catalectia
537 1808 665 1862 inueniat.
721 1808 775 1861 Sed
803 1809 866 1863 huic
890 1809 958 1865 forte
982 1810 1119 1885 suspicioni
1145 1812 1188 1867 vel

144 1912 287 1970 propterea
306 1893 512 1947 aduerlabuntur
531 1895 577 1946 viri
597 1894 685 1956 docti,
713 1895 786 1967 quod
799 1895 952 1950 Herduinue
967 1897 1074 1950 eoadem
1093 1897 1186 1962 versut,

145 1998 309 2054 quamquam
321 1997 379 2032 non
396 1979 490 2032 iisdem
512 1979 545 2032 de
559 1978 669 2042 caulllr,
695 1981 792 2034 reiecit.
841 1982 922 2034 Nunc
942 1981 1069 2035 Iacobum
1089 1984 1187 2054 Bryant

145 2066 225 2121 video
245 2083 271 2122 et
288 2065 374 2138 ipsum
393 2064 444 2118 hoa
459 2064 543 2118 versuo
559 2066 666 2118 Maroni
686 2062 842 2119 abiudicare.
877 2067 978 2120 Verum
998 2066 1060 2121 licet
1080 2068 1188 2125 cuilibet

145 2153 276 2206 iudicium
297 2151 371 2204 suum
391 2149 480 2222 sequi;
513 2169 600 2223 neque
617 2149 852 2222 irascarequidem
874 2150 959 2205 aliter>
971 2149 1108 2216 statuenti,
1141 2154 1188 2226 qui

146 2236 248 2294 ceulIae
268 2230 397 2290 irascendi
410 2234 555 2290 habuillem
576 2236 731 2299 sexcenties,
768 2254 844 2298 cum,
871 2251 898 2288 vt
920 2235 1011 2290 officio
1031 2239 1188 2310 interpretis,

145 2323 206 2376 suaa
220 2323 499 2393 operaaretractantie,
521 2320 709 2384 satisfacerem,
743 2320 843 2384 voffii,
865 2321 912 2374 riri
934 2320 1082 2385 doctiffirni,
1109 2340 1188 2379 notae
1266 2319 1268 2325 ¹

146 2408 309 2463 euoluerem.
353 2408 424 2460 Eum
438 2407 545 2480 quidem
566 2405 699 2460 censuram
713 2407 741 2460 in
761 2425 833 2461 ment
850 2407 1001 2461 notationes
1023 2425 1097 2480 agere
1117 2427 1188 2463 acer·

146 2493 266 2557 billinc,
294 2511 350 2546 non
369 2509 425 2546 erat
445 2492 518 2566 quod
538 2493 651 2563 grauiter
666 2492 776 2556 ferrem
817 2491 1023 2545 condonandum
1043 2494 1114 2546 enim
1133 2495 1188 2550 boc

145 2580 255 2650 ingenio
269 2579 316 2632 riri
330 2576 434 2632 totaliie
445 2576 568 2631 laudibus
581 2580 649 2631 inter
660 2576 801 2649 populare·
816 2573 919 2630 nostroe
932 2578 1025 2630 merito
1039 2577 1095 2645 suo,
1108 2581 1190 2635 etiem

146 2685 181 2719 ex
200 2663 261 2736 ipsu
283 2663 421 2734 Georgicit
435 2662 567 2737 praeclare
593 2662 622 2715 in
639 2662 753 2732 patrium
774 2659 922 2713 sermonem
941 2661 1016 2714 verli·
1037 2663 1187 2735 conspicui3

146 2749 226 2804 dolui
247 2765 337 2804 tumen
355 2750 440 2803 vicem
455 2749 503 2802 viri
527 2764 712 2821 vequequaque
732 2761 758 2801 et
778 2745 807 2798 in
826 2745 903 2798 rebua
923 2744 1077 2801 tenuiffimia
1096 2767 1190 2804 exeun.

146 2834 277 2890 deleentie
299 2851 326 2892 et
343 2834 396 2889 bilo
420 2850 496 2888 mota
515 2832 720 2889 efferuescentiar
774 2830 860 2894 Hem,
886 2830 958 2903 apud
976 2850 1020 2884 me
1039 2833 1190 2906 cogitabam

147 2939 212 2974 cum
231 2921 374 2974 Chremeta
387 2920 565 2982 Terentiano,
594 2938 634 2972 an
652 2924 784 2988 cuiquam
808 2915 849 2989 est
865 2916 932 2988 usus
952 2916 1076 2981 bomini,
1099 2921 1138 2991 se
1157 2937 1192 2977 ve

95 3016 100 3023 ’
149 3004 284 3060 eructet?
309 3006 414 3078 quaeso
441 3005 559 3059 tandem
582 3003 792 3077 aliquantulum
819 3003 873 3056 tr'bi
894 3005 1000 3073 parce!
1048 3005 1190 3079 Equidem,

147 3111 212 3148 cum
231 3092 369 3145 innumere
387 3090 432 3144 ille
452 3089 619 3151 cavillando,
646 3086 827 3142 subsannando
847 3103 892 3142 eut
911 3089 1087 3152 eonuieiando
1104 3108 1192 3166 repre.

146 3177 265 3238 hendet,
288 3195 356 3250 quae
375 3194 456 3231 nemo
476 3175 553 3229 facile
571 3173 662 3249 paullo
679 3171 867 3243 intelligentior
882 3172 1028 3246 improbet,
1059 3175 1110 3231 alia
1123 3179 1191 3234 mibi

148 3265 265 3336 imputet
283 3281 300 3315 ι
318 3261 392 3318 seusu
410 3281 471 3316 meo
492 3262 591 3325 aliena,
616 3259 699 3324 mihi,
725 3277 787 3313 cum
806 3258 874 3312 nihil
894 3252 1032 3314 admittam
1049 3261 1100 3320 nifi
1117 3266 1193 3338 quod

148 3436 301 3498 Romanis
326 3455 420 3497 omne
447 3437 528 3496 vitae
554 3452 653 3519 genus
693 3447 784 3494 rente
800 3432 882 3496 conl.
896 3433 1090 3498 Wemsdorf.
1104 3439 1193 3503 Μ.

151 3560 170 3600 a
196 3542 274 3621 reip.
310 3540 445 3621 negotiis
480 3532 653 3600 domesticis
694 3537 830 3597 inPoee
845 3540 920 3596 min.
934 3537 971 3599 T.
981 3537 1038 3614 Ν,
1053 3541 1124 3629 Erre.
1133 3544 1192 3620 IX,

150 3642 333 3724 bellicisque
348 3641 503 3715 alienum,
525 3642 653 3720 proprie
694 3660 726 3720 p.
741 3639 815 3719 595.
856 3640 930 3701 565.
951 3637 1193 3705 anduinum-

151 3760 258 3806 tamen
273 3740 506 3827 quodammodo
529 3741 568 3803 de
583 3742 655 3803 Mu·
696 3755 752 3810 ta,
794 3744 848 3824 qui
887 3745 1019 3805 omnino
1058 3752 1193 3812 carmina

151 3829 253 3908 larum
274 3847 364 3921 otiia;
408 3843 574 3924 ignobile,
606 3865 656 3906 re·
695 3843 821 3926 vulgare
838 3843 985 3919 auderet,
1008 3867 1075 3909 aem
1090 3855 1193 3930 poeti.

152 3948 260 4030 spectu
276 3947 394 4033 gloriae
408 3946 539 4009 bellicae
553 3963 586 4008 et
601 3967 655 4031 ge·
697 3965 764 4007 cam
782 3947 1017 4030 aggrederetur:
1057 3966 1089 4011 vt
1096 3994 1108 4027 ‚
1132 3973 1193 4013 au-

153 4048 269 4112 sterum
313 4068 498 4134 magnarum
541 4071 655 4112 rerum.
697 4046 835 4109 dacibus
853 4049 967 4109 adnue
987 4056 1112 4136 coeptis
1132 4057 1193 4119 Ge.

155 4153 207 4215 Sic
227 4152 286 4213 Ge.
307 4151 349 4228 11,
372 4156 438 4233 486
485 4153 656 4233 inglorius,
696 4151 723 4225 Ι,
743 4159 803 4230 4ο,
843 4171 911 4216 non
934 4154 1020 4236 quod
1050 4162 1193 4220 carminis

154 4256 207 4320 De
233 4255 370 4339 Neapoli
401 4253 571 4320 studiorum
599 4278 657 4340 pa·
697 4239 794 4342 geu'us
817 4255 879 4316 tale
900 4251 992 4333 ellet,
1021 4260 1109 4344 qoud
1130 4282 1192 4323 ma.
