2692 4914
253 320 302 407 84
462 320 505 392 Ρ.
528 317 773 391 VIRGILII
804 315 1063 392 MARONIS

251 532 287 578 n.
309 503 476 598 Phyllida
497 510 603 578 mitte
625 501 734 590 mihi;
780 526 885 576 meus
906 499 957 575 est
976 503 1124 594 natalis,
1148 504 1262 577 Iolla:

214 663 221 673 ·
255 640 351 711 Cum
373 635 506 711 Iacinm
526 638 640 711 vitula
669 663 739 738 pro
761 636 944 737 frugibus,
980 638 1055 738 ipse
1072 645 1212 711 venito.

252 798 294 844 ra.
313 771 591 866 Phyllidaamo
618 789 707 846 ante
730 772 836 845 alias:
885 797 973 842 narn
999 797 1062 845 tne
1092 773 1291 847 discedere

870 889 991 979 fleuit3

253 1025 317 1114 Et,
340 1026 511 1122 Longum
528 1020 690 1097 formose
704 1022 801 1113 vale,
820 1022 919 1112 vale,
946 1029 1086 1124 inquit,
1110 1026 1216 1099 Iolla.

241 1183 290 1243 n.
322 1155 439 1231 Triste
476 1156 585 1257 lupus
627 1155 792 1246 stabulis,
837 1162 990 1230 maturis
1022 1157 1188 1259 frugibus
1226 1164 1293 1232 im·

823 1379 827 1391 Ι
872 1289 969 1383 bres,
1240 1297 1290 1366 80

153 1408 155 1412 v
254 1421 458 1502 Arboribus
481 1427 600 1512 venti,
638 1419 747 1497 nobis
767 1425 999 1518 Amaryllidis
1020 1432 1109 1501 irae.

252 1585 295 1630 nt.
309 1559 435 1633 Dulce
457 1557 537 1632 satis
557 1558 712 1648 humor,
754 1556 911 1657 depulsis
936 1560 1089 1632 arbutus
1112 1559 1255 1652 haedis,

322 1727 356 1796 76
375 1745 450 1779 mm
471 1739 497 1778 et
517 1723 627 1780 Mentel.
644 1744 683 1796 pr.
732 1727 814 1781 lotae
834 1727 905 1779 coni.
929 1728 1017 1781 Burm.
1059 1730 1093 1782 At
1109 1727 1160 1781 rid.
1177 1729 1291 1781 Natam.

257 1813 302 1866 De
322 1812 445 1885 scriptura
467 1812 547 1863 Iolla
568 1830 592 1863 v.
612 1809 698 1873 adli,
720 1813 761 1879 67.
850 1829 881 1881 77
900 1815 1023 1865 vitulam
1042 1813 1121 1866 Rom.
1142 1827 1167 1864 et
1189 1812 1289 1866 MedIe.

254 1899 347 1960 Pierii,
367 1899 430 1969 Reg.
444 1911 470 1950 et
483 1894 554 1950 voff.
570 1915 631 1949 cum
645 1894 687 1947 ed.
703 1896 770 1947 Ven.
787 1895 947 1961 Burmanni;
980 1899 1059 1951 etiam
1080 1897 1155 1950 Non.
1170 1895 1292 1950 Merceli.

255 1983 284 2037 in
301 1982 416 2055 facere.
461 1981 513 2035 Sed
535 1979 603 2034 istud
623 1982 702 2034 etiam
722 1979 842 2034 Priscian.
862 1998 888 2034 et
909 1981 1027 2035 Macrob.
1082 1983 1164 2035 Porro
1186 1982 1291 2035 Alcnin.

256 2068 403 2125 Grammet.
430 2081 480 2119 vet.
509 2065 572 2135 ipsa
599 2075 716 2132 venitm
752 2088 782 2122 tc
808 2068 829 2123 st
854 2069 922 2121 Iala
950 2066 1063 2120 feminee
1089 2086 1190 2119 nornen
1213 2067 1291 2120 essett

255 2150 339 2206 male:
360 2171 384 2204 v.
398 2151 453 2203 Ecl.
468 2153 500 2212 11,
515 2153 556 2221 67.
626 2154 659 2206 80
676 2155 766 2207 imber
779 2171 829 2207 tret
843 2150 934 2206 vetusti
947 2167 973 2205 et
990 2154 1088 2211 Fruar..
1112 2153 1187 2224 quod
1200 2154 1292 2208 Burm.

256 2237 383 2311 praefert,
426 2254 507 2308 quum
528 2255 619 2289 omnes
639 2238 691 2290 iere
712 2239 789 2291 huius
810 2237 893 2291 veri'ut
913 2255 989 2292 vocet
1008 2239 1037 2290 in
1058 2235 1163 2293 fibssum
1188 2253 1291 2309 encant-

257 2324 289 2377 81
310 2321 509 2394 Amaryllidos
528 2340 592 2374 vnue
613 2323 710 2376 Mutet.
733 2343 780 2394 pro
802 2342 854 2375 rar.
874 2323 934 2375 Iect.

257 2456 357 2517 tmctu
378 2468 498 2529 carere,
518 2477 589 2516 curn
606 2477 685 2536 puer
698 2478 750 2517 ve·
792 2458 858 2516 Hac
873 2456 936 2538 ipsa
951 2462 1209 2537 interpretatione
1224 2457 1292 2519 sen·

256 2563 378 2622 nationi
393 2563 528 2618 intentus
540 2557 590 2624 litt
608 2578 681 2617 rnan
696 2557 749 2619 suo
793 2565 888 2620 tentia
908 2560 947 2620 de
963 2559 992 2618 h.
1008 2560 1027 2619 l.
1042 2557 1143 2620 nostra
1159 2560 1228 2621 satis
1245 2566 1292 2621 In·

258 2665 366 2722 amon'.
412 2661 556 2720 Ceterum
571 2658 646 2719 haec
661 2681 679 2718 a
695 2683 751 2740 pa·
793 2663 946 2744 telligitur.
1008 2663 1055 2721 Ea
1088 2679 1172 2723 certe
1209 2667 1290 2723 ratio

258 2761 345 2825 storin
358 2761 488 2844 persona
507 2781 553 2851 ne⁴
570 2762 669 2823 altena
681 2760 749 2836 stnt,
792 2769 881 2826 vnice
894 2765 966 2825 ferri
982 2761 1090 2844 potest.
1132 2785 1185 2844 77.
1209 2766 1291 2823 Cum

260 2885 381 2929 vereor.
535 2866 538 2870 ’
784 2868 918 2947 faciam
931 2866 1037 2925 vitula
1046 2886 1111 2947 pro
1118 2866 1289 2946 frugibus.

303 2972 354 3049 76.
375 2965 577 3049 InteIIIgenda
597 2961 639 3026 est
662 2965 753 3050 Phyl-
796 2970 922 3029 Sacrum
951 2968 1135 3028 ambaruale.
1174 2972 1291 3053 Georg.

258 3070 296 3132 lis
313 3066 399 3130 fuiIIe
420 3068 482 3130 fiae
503 3066 661 3129 seruafiue
679 3076 753 3128 ami·
795 3070 827 3144 1,
843 3073 915 3148 545.
944 3070 1157 3143 ct.Ttbu11.1‚
1186 3093 1212 3144 r,
1238 3093 1291 3132 21.

171 3209 175 3215 ‚
261 3193 297 3232 ca
316 3171 419 3241 Iolae;
456 3190 550 3253 quem
575 3170 752 3245 Damoetas,
795 3173 825 3232 11
832 3214 843 3246 ,
864 3194 889 3232 1.
914 3175 1035 3252 facere
1053 3194 1116 3254 pro
1130 3172 1294 3252 frugibus

240 3271 345 3358 'quast
357 3271 567 3353 praesentem,
595 3288 698 3354 rogat,
721 3288 755 3332 vt
793 3274 875 3356 ῥέξαι
902 3271 977 3358 ὑπὲρ
1001 3273 1126 3338 Δαναῶν
1149 3275 1237 3334 Iliad
1261 3299 1292 3345 α,

258 3372 434 3457 Phyllidem
451 3376 491 3434 ed
511 3374 626 3433 sacrum
645 3374 753 3433 natali·
795 3384 868 3454 444
931 3397 981 3455 79.
1012 3378 1163 3454 Longum
1194 3377 1293 3449 vole,

261 3479 338 3535 tium
367 3480 470 3536 venite
494 3474 615 3535 iubeat:
665 3477 752 3550 alter,
794 3472 897 3560 μακροὶ
926 3480 1035 3561 χαῖρε,
1073 3479 1182 3538 Claud.
1212 3479 1294 3560 nup.

204 3579 208 3585 ‘
261 3578 427 3651 Menalcas,
455 3592 488 3638 vt
508 3582 572 3638 eius
592 3578 678 3637 dictis
697 3578 754 3639 ob·
795 3579 877 3641 Pros.
901 3583 964 3657 234
1013 3580 1062 3638 Sis
1089 3602 1231 3653 memor,
1260 3603 1291 3655 o,

261 3694 386 3751 trectet,
427 3679 457 3739 Ie
485 3684 576 3740 etiam
600 3685 695 3741 amari
714 3681 752 3741 ab
796 3683 993 3764 longumque
1006 3683 1091 3742 vale.
1111 3685 1174 3744 vid.
1183 3684 1289 3744 Burin.

260 3803 298 3843 ea
322 3782 416 3854 dicit,
440 3787 513 3865 quia
532 3780 561 3841 se
577 3782 753 3844 discedente
796 3801 827 3845 et
846 3786 954 3844 Cerda.

260 3882 397 3957 fleuerit,
437 3904 489 3956 ac,
526 3899 679 3966 tamquam
697 3885 753 3966 ipii
837 3889 887 3949 80.
911 3885 1086 3945 Secundum
1102 3886 1292 3948 Theocritea

261 4008 364 4049 comes
380 3984 554 4057 adhaesura,
575 3987 657 4047 Iolae
672 4008 753 4047 ama·
793 3989 845 4047 illa
880 3987 967 4070 Idle.
1010 3989 1099 4062 VIII,
1136 3993 1178 4069 57
1224 3989 1290 4073 sqq.

261 4096 322 4152 tori
360 4091 549 4150 valedixerit:
601 4091 752 4168 Longum
792 4093 842 4153 82.
878 4088 1017 4170 depulsat
1041 4089 1173 4162 haedis,
1211 4089 1243 4149 h.
1270 4109 1291 4148 a

260 4193 346 4266 vale,
365 4193 457 4267 vala,
474 4213 493 4252 o
507 4192 658 4271 formasa
667 4192 750 4252 lala.
791 4191 871 4253 lacte
883 4198 1018 4256 remotis.
1053 4193 1117 4254 net.
1134 4192 1213 4267 VII,
1240 4195 1289 4255 15·
