2692 4914
149 289 297 340 xxvur
493 260 880 339 PRAEFATIO

149 469 249 547 forte
278 468 422 540 Tomos
459 469 665 541 accuratius
696 483 735 540 et
767 465 1002 547 emendatius
1022 475 1188 553 'tradere

117 587 119 590 ,
149 607 315 694 licuerit,
340 624 470 673 verum
490 603 687 698 quoniam,
714 596 815 674 fivel
835 602 958 679 lineae
981 630 1115 682 earum
1132 635 1186 686 re·

149 765 234 814 rum
253 736 342 810 duci
363 729 527 834 possent,
550 732 637 807 vtile
661 752 701 806 et
719 733 795 810 hoc
819 736 868 809 ad
883 744 1015 815 critica
1032 741 1131 818 haec
1151 762 1188 819 et

149 875 326 950 litteraria
347 865 464 941 studia
479 863 551 940 effe
565 866 779 942 arbitrabar.
833 874 960 967 Quem
973 879 1079 950 enim
1092 877 1189 954 fruo-

149 1031 232 1085 tum
262 1006 344 1079 satis
373 1027 551 1102 magnum
579 1026 626 1075 ex
652 1001 709 1075 his
736 1001 865 1079 litteris
895 1007 1076 1103 tulissem,
1123 1011 1188 1093 nifi

150 1145 241 1221 inde
263 1143 431 1212 animum
450 1140 502 1208 ita
524 1160 741 1237 comparare
763 1158 801 1214 et
827 1141 1019 1219 instituere
1038 1145 1189 1222 didicis.

25 1328 32 1342 .
149 1278 243 1367 fem,
281 1292 320 1347 vt
340 1271 499 1344 aliorum
518 1268 680 1345 utilitatis
706 1280 894 1373 potiorem
920 1283 1108 1355 rationem
1126 1280 1190 1354 ha·

150 1410 315 1488 bendam
339 1401 412 1480 effe
436 1422 584 1503 putem,
632 1431 745 1506 quant
768 1415 853 1483 vani
872 1410 1031 1487 alicuius
1054 1435 1186 1506 metus,

150 1575 201 1624 ne
231 1542 493 1621 existimationi·
524 1563 633 1613 meae
660 1566 705 1616 ac
734 1542 838 1616 laudi
865 1551 1071 1649 quicquam
1101 1550 1189 1631 inde

151 1680 328 1769 decedat,
373 1673 464 1746 dum
493 1671 708 1748 inchoatam
736 1696 775 1751 et
802 1677 1022 1781 descriptam
1043 1703 1189 1761 tantum

149 1841 304 1920 operam
325 1808 477 1913 publice
495 1833 689 1909 propono,
710 1815 752 1883 in
766 1837 840 1912 qua
860 1819 1061 1918 unicuique
1080 1816 1189 1893 facile
1211 1799 1214 1804 ¹

150 1952 195 2028 fit
217 1971 256 2026 et
275 1964 485 2049 promtum,
513 1942 653 2017 habere
672 1942 771 2018 sorte
790 1966 830 2021 et
843 1973 1066 2044 memorare,
1092 1979 1190 2054 quae

151 2086 200 2160 ad
223 2109 307 2159 earn
325 2076 596 2181 perficiendam
617 2075 741 2175 deesse
760 2079 906 2181 poffint.
966 2089 1013 2158 In
1036 2106 1188 2186 promtu

151 2224 253 2298 enim
272 2221 342 2292 erit
360 2217 578 2313 micuique,
610 2217 671 2285 cui
691 2213 806 2289 editio
825 2216 917 2289 mihi
942 2243 1023 2292 non
1035 2218 1124 2310 ‚visa
1141 2219 1188 2294 ad

149 2378 281 2429 manus
305 2349 365 2440 stt,
393 2368 458 2422 aut
479 2351 612 2421 erroris
632 2366 698 2420 aut
719 2348 920 2424 omiffionis
935 2377 998 2427 me
1018 2378 1186 2454 arguere.

149 2493 276 2567 Vitam
301 2489 415 2559 etiam
437 2480 581 2580 Virgilii
602 2506 689 2556 meo
717 2480 837 2557 studio
866 2485 1080 2564 confectam
1109 2488 1188 2564 suo

150 2625 273 2712 iunxi,
304 2617 358 2717 'de
379 2642 455 2719 qua
477 2615 632 2716 quidem
652 2614 716 2689 sub
738 2622 817 2692 eius
836 2624 983 2694 initium
1003 2624 1187 2697 nonnulla

150 2759 299 2845 monui;
342 2777 423 2826 rem
445 2769 572 2823 autem
599 2749 817 2827 vtilissunam
846 2772 959 2855 atque
984 2762 1099 2831 etiam
1121 2784 1186 2833 ne-

150 2887 340 2966 cessariam
367 2883 544 2985 suscipere
572 2890 722 2984 putaui,
762 2911 851 2961 cum
872 2889 950 2962 aliis
970 2890 1020 2965 de
1044 2892 1184 2986 cauffis,

148 3044 231 3099 tum
252 3040 468 3125 propterea,
496 3018 602 3120 quod
616 3018 734 3092 multa
752 3023 793 3093 in
813 3021 979 3122 EclogiS,
1004 3027 1125 3100 multa
1146 3034 1185 3101 in

150 3161 360 3256 Georgicis,
411 3154 578 3255 episodia
601 3158 714 3228 etiam
737 3155 919 3229 nonnulla
941 3161 981 3229 in
1002 3160 1184 3253 Aeneide,

151 3317 199 3367 ex
216 3294 308 3390 reip.
327 3292 436 3363 Rom.
461 3286 554 3362 statu
578 3306 617 3362 et
646 3288 865 3368 conditione
891 3316 1102 3393 eorumque
1125 3322 1185 3368 an.

147 3448 284 3497 norum
299 3420 410 3497 rebus
425 3419 530 3522 gestis
548 3421 768 3523 explicanda
782 3422 875 3500 sunt.
924 3432 1060 3527 Itaque
1072 3433 1186 3502 etiarn

147 3561 188 3633 in
199 3561 298 3630 notis
313 3574 351 3630 et
369 3561 410 3630 in
429 3553 511 3656 ipfis
526 3562 751 3657 argumentis
767 3557 991 3660 Ecloganun
1007 3579 1048 3636 et
1067 3563 1185 3638 Geor·

146 3697 332 3793 gicorum,
375 3694 415 3762 in
435 3690 569 3790 quibus
595 3709 765 3764 naturam
794 3713 832 3768 et
863 3713 981 3768 artem
1008 3701 1183 3771 carminis

144 3824 370 3929 potissimum
391 3823 545 3898 tradere·
570 3824 759 3917 volebam,
808 3829 990 3903 nonnulla
1016 3855 1183 3906 comme-

143 3965 307 4050 moraui,
332 3984 429 4059 quae
448 3957 497 4031 ad
517 3977 701 4060 tempora,
728 3965 768 4034 in
792 3967 927 4062 quibus
949 3988 994 4038 ea
1016 3970 1182 4038 carmina

144 4095 273 4198 scripta
294 4093 393 4185 sunt,
420 4090 676 4194 cognoscenda
697 4093 921 4196 spectarent.¹
978 4094 1056 4172 Nist
1078 4103 1180 4176 enim
