<?xml version="1.0" encoding="UTF-8"?>
<!DOCTYPE html PUBLIC "-//W3C//DTD XHTML 1.0 Transitional//EN"
    "http://www.w3.org/TR/xhtml1/DTD/xhtml1-transitional.dtd">
<html xmlns="http://www.w3.org/1999/xhtml" xml:lang="en" lang="en">
 <head>
  <title>
</title>
<meta http-equiv="Content-Type" content="text/html;charset=utf-8" />
  <meta name='ocr-system' content='tesseract 3.04.00' />
  <meta name='ocr-capabilities' content='ocr_page ocr_carea ocr_par ocr_line ocrx_word'/>
</head>
<body>
  <div class='ocr_page' id='page_1' title='image "./pvirgilivsmarov00virggoog_0456.png"; bbox 0 0 2692 4914; ppageno 0'>
   <div class='ocr_carea' id='block_1_1' title="bbox 263 263 1192 367">
    <p class='ocr_par' dir='ltr' id='par_1_1' title="bbox 263 263 1192 367">
     <span class='ocr_line' id='line_1_1' title="bbox 263 263 1192 367; baseline 0.002 -27"><span class='ocrx_word' id='word_1_1' title='bbox 263 267 611 344; x_wconf 85' lang='lat' dir='ltr'>GEORGICON</span> <span class='ocrx_word' id='word_1_2' title='bbox 634 267 737 340; x_wconf 87' lang='lat' dir='ltr'><strong>LIB.</strong></span> <span class='ocrx_word' id='word_1_3' title='bbox 759 266 786 353; x_wconf 86' lang='lat'><strong>1,</strong></span> <span class='ocrx_word' id='word_1_4' title='bbox 799 263 1014 362; x_wconf 72' lang='grc'>464-473</span> <span class='ocrx_word' id='word_1_5' title='bbox 1117 267 1192 367; x_wconf 77' lang='lat'><strong>387</strong></span> 
     </span>
    </p>
   </div>
   <div class='ocr_carea' id='block_1_2' title="bbox 150 449 1261 1494">
    <p class='ocr_par' dir='ltr' id='par_1_2' title="bbox 150 449 1261 1494">
     <span class='ocr_line' id='line_1_2' title="bbox 156 449 1177 557; baseline -0.003 -26"><span class='ocrx_word' id='word_1_6' title='bbox 156 462 341 557; x_wconf 82' lang='lat' dir='ltr'><strong>inpiaque</strong></span> <span class='ocrx_word' id='word_1_7' title='bbox 366 475 556 530; x_wconf 83' lang='lat' dir='ltr'><strong>aeternam</strong></span> <span class='ocrx_word' id='word_1_8' title='bbox 577 461 784 528; x_wconf 88' lang='lat' dir='ltr'><strong>timuerunt</strong></span> <span class='ocrx_word' id='word_1_9' title='bbox 808 449 952 527; x_wconf 88' lang='lat' dir='ltr'><strong>saecula</strong></span> <span class='ocrx_word' id='word_1_10' title='bbox 976 469 1140 528; x_wconf 85' lang='lat' dir='ltr'><strong>noctem.</strong></span> <span class='ocrx_word' id='word_1_11' title='bbox 1175 528 1177 532; x_wconf 84' lang='grc'>,</span> 
     </span>
     <span class='ocr_line' id='line_1_3' title="bbox 152 585 1195 692; baseline -0.001 -26"><span class='ocrx_word' id='word_1_12' title='bbox 152 596 348 691; x_wconf 85' lang='lat' dir='ltr'>Tempore</span> <span class='ocrx_word' id='word_1_13' title='bbox 371 616 599 692; x_wconf 90' lang='lat' dir='ltr'><strong>quamquam</strong></span> <span class='ocrx_word' id='word_1_14' title='bbox 625 588 691 662; x_wconf 88' lang='lat' dir='ltr'><strong>illo</strong></span> <span class='ocrx_word' id='word_1_15' title='bbox 715 585 825 664; x_wconf 87' lang='lat' dir='ltr'><strong>tellus</strong></span> <span class='ocrx_word' id='word_1_16' title='bbox 862 611 1027 687; x_wconf 87' lang='lat' dir='ltr'><strong>quoque,</strong></span> <span class='ocrx_word' id='word_1_17' title='bbox 1069 608 1107 662; x_wconf 93' lang='lat' dir='ltr'><strong>et</strong></span> <span class='ocrx_word' id='word_1_18' title='bbox 1133 615 1195 666; x_wconf 87' lang='lat' dir='ltr'><strong>ae·</strong></span> 
     </span>
     <span class='ocr_line' id='line_1_4' title="bbox 781 726 1093 821; baseline 0.006 -30"><span class='ocrx_word' id='word_1_19' title='bbox 781 745 901 819; x_wconf 86' lang='lat' dir='ltr'><strong>quota</strong></span> <span class='ocrx_word' id='word_1_20' title='bbox 921 726 1039 821; x_wconf 88' lang='lat' dir='ltr'><strong>ponti,</strong></span> <span class='ocrx_word' id='word_1_21' title='bbox 1090 777 1093 783; x_wconf 81' lang='grc'><em>.</em></span> 
     </span>
     <span class='ocr_line' id='line_1_5' title="bbox 153 854 1261 958; baseline 0.001 -26"><span class='ocrx_word' id='word_1_22' title='bbox 153 856 394 957; x_wconf 89' lang='lat' dir='ltr'><strong>Obscenique</strong></span> <span class='ocrx_word' id='word_1_23' title='bbox 416 883 548 948; x_wconf 86' lang='lat' dir='ltr'><strong>cenes,</strong></span> <span class='ocrx_word' id='word_1_24' title='bbox 584 861 885 958; x_wconf 82' lang='lat' dir='ltr'>inportunaeque</span> <span class='ocrx_word' id='word_1_25' title='bbox 899 854 1078 946; x_wconf 83' lang='lat' dir='ltr'><strong>volucres,</strong></span> <span class='ocrx_word' id='word_1_26' title='bbox 1116 865 1192 955; x_wconf 75' lang='lat'><strong>470</strong></span> <span class='ocrx_word' id='word_1_27' title='bbox 1258 949 1261 956; x_wconf 25' lang='grc' dir='ltr'>Ι</span> 
     </span>
     <span class='ocr_line' id='line_1_6' title="bbox 153 986 1193 1092; baseline -0.002 -24"><span class='ocrx_word' id='word_1_28' title='bbox 153 995 269 1092; x_wconf 85' lang='lat' dir='ltr'><strong>Signa</strong></span> <span class='ocrx_word' id='word_1_29' title='bbox 298 992 449 1066; x_wconf 88' lang='lat' dir='ltr'><strong>dabant.</strong></span> <span class='ocrx_word' id='word_1_30' title='bbox 501 997 661 1088; x_wconf 87' lang='lat' dir='ltr'><strong>Quoties</strong></span> <span class='ocrx_word' id='word_1_31' title='bbox 694 988 903 1090; x_wconf 87' lang='lat' dir='ltr'><strong>Cyclopum</strong></span> <span class='ocrx_word' id='word_1_32' title='bbox 935 986 1117 1066; x_wconf 85' lang='lat' dir='ltr'><strong>efferuere</strong></span> <span class='ocrx_word' id='word_1_33' title='bbox 1151 995 1193 1066; x_wconf 90' lang='lat' dir='ltr'><strong>in</strong></span> 
     </span>
     <span class='ocr_line' id='line_1_7' title="bbox 522 1106 1216 1224; baseline 0.009 -31"><span class='ocrx_word' id='word_1_34' title='bbox 522 1106 525 1110; x_wconf 50' lang='grc'>’</span> <span class='ocrx_word' id='word_1_35' title='bbox 788 1149 899 1224; x_wconf 79' lang='lat' dir='ltr'><strong>agros</strong></span> <span class='ocrx_word' id='word_1_36' title='bbox 1212 1136 1216 1140; x_wconf 76' lang='grc'><strong><em>’</em></strong></span> 
     </span>
     <span class='ocr_line' id='line_1_8' title="bbox 151 1256 1114 1363; baseline -0.001 -28"><span class='ocrx_word' id='word_1_37' title='bbox 151 1260 326 1336; x_wconf 85' lang='lat' dir='ltr'>Vidimus</span> <span class='ocrx_word' id='word_1_38' title='bbox 345 1259 547 1332; x_wconf 75' lang='lat' dir='ltr'><strong>vadentem</strong></span> <span class='ocrx_word' id='word_1_39' title='bbox 569 1262 687 1359; x_wconf 79' lang='lat' dir='ltr'><strong>ruptis</strong></span> <span class='ocrx_word' id='word_1_40' title='bbox 707 1256 922 1333; x_wconf 83' lang='lat' dir='ltr'><strong>fornacibus</strong></span> <span class='ocrx_word' id='word_1_41' title='bbox 943 1259 1114 1363; x_wconf 77' lang='lat' dir='ltr'><strong>Aetnam,</strong></span> 
     </span>
     <span class='ocr_line' id='line_1_9' title="bbox 150 1390 1193 1494; baseline 0.003 -24"><span class='ocrx_word' id='word_1_42' title='bbox 150 1395 479 1494; x_wconf 75' lang='lat' dir='ltr'><strong>atanmarumque</strong></span> <span class='ocrx_word' id='word_1_43' title='bbox 525 1390 659 1492; x_wconf 81' lang='lat' dir='ltr'>globos</span> <span class='ocrx_word' id='word_1_44' title='bbox 711 1391 990 1494; x_wconf 84' lang='lat' dir='ltr'><strong>liquefactaque</strong></span> <span class='ocrx_word' id='word_1_45' title='bbox 1038 1395 1193 1473; x_wconf 81' lang='lat' dir='ltr'><strong>voluere</strong></span> 
     </span>
    </p>
   </div>
   <div class='ocr_carea' id='block_1_3' title="bbox 774 1524 874 1598">
    <p class='ocr_par' dir='ltr' id='par_1_3' title="bbox 774 1524 874 1598">
     <span class='ocr_line' id='line_1_10' title="bbox 774 1524 874 1598; baseline 0 0"><span class='ocrx_word' id='word_1_46' title='bbox 774 1524 874 1598; x_wconf 87' lang='lat' dir='ltr'><strong>saxa!</strong></span> 
     </span>
    </p>
   </div>
   <div class='ocr_carea' id='block_1_4' title="bbox 152 1661 1192 1831">
    <p class='ocr_par' dir='ltr' id='par_1_4' title="bbox 152 1661 1192 1831">
     <span class='ocr_line' id='line_1_11' title="bbox 223 1661 1192 1751; baseline 0.006 -24"><span class='ocrx_word' id='word_1_47' title='bbox 223 1684 277 1745; x_wconf 73' lang='lat'><strong>47⁰</strong></span> <span class='ocrx_word' id='word_1_48' title='bbox 301 1675 501 1745; x_wconf 72' lang='lat' dir='ltr'><strong>obscenaeque</strong></span> <span class='ocrx_word' id='word_1_49' title='bbox 521 1693 606 1730; x_wconf 78' lang='lat' dir='ltr'><strong>ennea</strong></span> <span class='ocrx_word' id='word_1_50' title='bbox 619 1671 718 1728; x_wconf 80' lang='lat' dir='ltr'><strong>Medic.</strong></span> <span class='ocrx_word' id='word_1_51' title='bbox 739 1661 817 1729; x_wconf 63' lang='lat' dir='ltr'><strong>rotun</strong></span> <span class='ocrx_word' id='word_1_52' title='bbox 838 1673 972 1730; x_wconf 78' lang='lat' dir='ltr'><strong>v.Bur1n.</strong></span> <span class='ocrx_word' id='word_1_53' title='bbox 1015 1675 1192 1751; x_wconf 78' lang='lat' dir='ltr'><strong>Obscentque</strong></span> 
     </span>
     <span class='ocr_line' id='line_1_12' title="bbox 152 1759 787 1831; baseline -0.006 -18"><span class='ocrx_word' id='word_1_54' title='bbox 152 1778 253 1813; x_wconf 80' lang='lat' dir='ltr'><strong>emnee</strong></span> <span class='ocrx_word' id='word_1_55' title='bbox 274 1762 342 1814; x_wconf 85' lang='lat' dir='ltr'><strong>Ven.</strong></span> <span class='ocrx_word' id='word_1_56' title='bbox 417 1771 468 1831; x_wconf 78' lang='lat'><strong>472</strong></span> <span class='ocrx_word' id='word_1_57' title='bbox 491 1763 609 1815; x_wconf 79' lang='lat' dir='ltr'><strong>Aetnen</strong></span> <span class='ocrx_word' id='word_1_58' title='bbox 628 1759 725 1812; x_wconf 77' lang='lat' dir='ltr'><strong>Monet.</strong></span> <span class='ocrx_word' id='word_1_59' title='bbox 747 1776 787 1831; x_wconf 83' lang='lat' dir='ltr'><strong>pr.</strong></span> 
     </span>
    </p>
   </div>
   <div class='ocr_carea' id='block_1_5' title="bbox 144 1889 1258 4239">
    <p class='ocr_par' dir='ltr' id='par_1_5' title="bbox 151 1889 1207 2592">
     <span class='ocr_line' id='line_1_13' title="bbox 151 1889 1207 1980; baseline 0.004 -26"><span class='ocrx_word' id='word_1_60' title='bbox 151 1893 293 1956; x_wconf 73' lang='lat' dir='ltr'><strong>insolitis.</strong></span> <span class='ocrx_word' id='word_1_61' title='bbox 321 1891 654 1966; x_wconf 86' lang='lat' dir='ltr'><strong>Probabilior,uoslro·</strong></span> <span class='ocrx_word' id='word_1_62' title='bbox 695 1891 791 1953; x_wconf 87' lang='lat' dir='ltr'><strong>sarem</strong></span> <span class='ocrx_word' id='word_1_63' title='bbox 806 1889 994 1953; x_wconf 84' lang='lat' dir='ltr'><strong>commissum</strong></span> <span class='ocrx_word' id='word_1_64' title='bbox 1010 1911 1083 1956; x_wconf 87' lang='lat' dir='ltr'><strong>erat.</strong></span> <span class='ocrx_word' id='word_1_65' title='bbox 1110 1899 1207 1980; x_wconf 13' lang='lat' dir='ltr'><strong>sae-U</strong></span> 
     </span>
     <span class='ocr_line' id='line_1_14' title="bbox 151 1996 1191 2084; baseline 0.007 -27"><span class='ocrx_word' id='word_1_66' title='bbox 151 2018 223 2057; x_wconf 83' lang='lat' dir='ltr'><strong>rum</strong></span> <span class='ocrx_word' id='word_1_67' title='bbox 249 2019 376 2084; x_wconf 87' lang='lat' dir='ltr'><strong>quoque</strong></span> <span class='ocrx_word' id='word_1_68' title='bbox 403 2014 579 2078; x_wconf 89' lang='lat' dir='ltr'><strong>temporum</strong></span> <span class='ocrx_word' id='word_1_69' title='bbox 602 2019 653 2058; x_wconf 85' lang='lat' dir='ltr'><strong>ex·</strong></span> <span class='ocrx_word' id='word_1_70' title='bbox 695 1996 771 2060; x_wconf 74' lang='lat' dir='ltr'><strong>crasa</strong></span> <span class='ocrx_word' id='word_1_71' title='bbox 786 1997 973 2057; x_wconf 84' lang='lat' dir='ltr'><strong>Lucretieno</strong></span> <span class='ocrx_word' id='word_1_72' title='bbox 994 2018 1081 2060; x_wconf 87' lang='lat' dir='ltr'><strong>more</strong></span> <span class='ocrx_word' id='word_1_73' title='bbox 1104 2002 1191 2079; x_wconf 80' lang='lat' dir='ltr'><strong>dixit,</strong></span> 
     </span>
     <span class='ocr_line' id='line_1_15' title="bbox 151 2096 1190 2180; baseline 0.005 -21"><span class='ocrx_word' id='word_1_74' title='bbox 151 2103 307 2180; x_wconf 86' lang='lat' dir='ltr'><strong>perientia</strong></span> <span class='ocrx_word' id='word_1_75' title='bbox 318 2144 328 2174; x_wconf 90' lang='lat'><strong><em>,</em></strong></span> <span class='ocrx_word' id='word_1_76' title='bbox 368 2096 411 2160; x_wconf 86' lang='lat' dir='ltr'><strong>est</strong></span> <span class='ocrx_word' id='word_1_77' title='bbox 433 2104 558 2180; x_wconf 89' lang='lat' dir='ltr'><strong>opinio,</strong></span> <span class='ocrx_word' id='word_1_78' title='bbox 597 2098 653 2161; x_wconf 91' lang='lat' dir='ltr'><strong>ob·</strong></span> <span class='ocrx_word' id='word_1_79' title='bbox 694 2096 746 2158; x_wconf 88' lang='lat' dir='ltr'><strong>vbi</strong></span> <span class='ocrx_word' id='word_1_80' title='bbox 758 2097 877 2176; x_wconf 83' lang='lat' dir='ltr'><strong>saecla</strong></span> <span class='ocrx_word' id='word_1_81' title='bbox 890 2097 1049 2176; x_wconf 83' lang='lat' dir='ltr'><strong>serarum</strong></span> <span class='ocrx_word' id='word_1_82' title='bbox 1069 2117 1101 2163; x_wconf 88' lang='lat' dir='ltr'><strong>et</strong></span> <span class='ocrx_word' id='word_1_83' title='bbox 1121 2104 1190 2170; x_wconf 85' lang='lat' dir='ltr'><strong>alia.</strong></span> 
     </span>
     <span class='ocr_line' id='line_1_16' title="bbox 154 2199 1193 2276; baseline 0.005 -16"><span class='ocrx_word' id='word_1_84' title='bbox 154 2201 307 2261; x_wconf 79' lang='lat' dir='ltr'><strong>scutetum</strong></span> <span class='ocrx_word' id='word_1_85' title='bbox 322 2202 439 2263; x_wconf 91' lang='lat' dir='ltr'><strong>caelum</strong></span> <span class='ocrx_word' id='word_1_86' title='bbox 453 2201 567 2264; x_wconf 88' lang='lat' dir='ltr'><strong>nebula</strong></span> <span class='ocrx_word' id='word_1_87' title='bbox 590 2203 651 2276; x_wconf 87' lang='lat' dir='ltr'><strong>illa,</strong></span> <span class='ocrx_word' id='word_1_88' title='bbox 694 2201 853 2261; x_wconf 76' lang='lat' dir='ltr'><strong>Praeclare</strong></span> <span class='ocrx_word' id='word_1_89' title='bbox 881 2199 975 2262; x_wconf 87' lang='lat' dir='ltr'><strong>solem</strong></span> <span class='ocrx_word' id='word_1_90' title='bbox 997 2201 1193 2271; x_wconf 83' lang='lat' dir='ltr'><strong>obscuratum</strong></span> 
     </span>
     <span class='ocr_line' id='line_1_17' title="bbox 152 2303 1192 2390; baseline 0.002 -26"><span class='ocrx_word' id='word_1_91' title='bbox 152 2303 333 2387; x_wconf 83' lang='lat' dir='ltr'><strong>sermginee</strong></span> <span class='ocrx_word' id='word_1_92' title='bbox 351 2305 459 2378; x_wconf 88' lang='lat' dir='ltr'><strong>modo,</strong></span> <span class='ocrx_word' id='word_1_93' title='bbox 491 2304 586 2366; x_wconf 87' lang='lat' dir='ltr'><strong>modo</strong></span> <span class='ocrx_word' id='word_1_94' title='bbox 602 2326 653 2365; x_wconf 86' lang='lat' dir='ltr'><strong>ru·</strong></span> <span class='ocrx_word' id='word_1_95' title='bbox 693 2323 751 2384; x_wconf 86' lang='lat' dir='ltr'><strong>per</strong></span> <span class='ocrx_word' id='word_1_96' title='bbox 786 2317 887 2382; x_wconf 82' lang='lat' dir='ltr'><strong>ceput</strong></span> <span class='ocrx_word' id='word_1_97' title='bbox 930 2303 1077 2366; x_wconf 80' lang='lat' dir='ltr'><strong>velatum</strong></span> <span class='ocrx_word' id='word_1_98' title='bbox 1113 2328 1192 2390; x_wconf 78' lang='lat' dir='ltr'><strong>pree</strong></span> 
     </span>
     <span class='ocr_line' id='line_1_18' title="bbox 153 2396 1195 2488; baseline 0.01 -24"><span class='ocrx_word' id='word_1_99' title='bbox 153 2403 269 2479; x_wconf 86' lang='lat' dir='ltr'><strong>bente,</strong></span> <span class='ocrx_word' id='word_1_100' title='bbox 324 2405 433 2468; x_wconf 79' lang='lat' dir='ltr'><strong>nolitia</strong></span> <span class='ocrx_word' id='word_1_101' title='bbox 476 2405 652 2469; x_wconf 73' lang='lat' dir='ltr'><strong>bominibus</strong></span> <span class='ocrx_word' id='word_1_102' title='bbox 694 2425 838 2467; x_wconf 87' lang='lat' dir='ltr'><strong>moerore</strong></span> <span class='ocrx_word' id='word_1_103' title='bbox 872 2422 1002 2488; x_wconf 87' lang='lat' dir='ltr'><strong>propter</strong></span> <span class='ocrx_word' id='word_1_104' title='bbox 1043 2396 1195 2476; x_wconf 55' lang='lat' dir='ltr'><strong>instantes</strong></span> 
     </span>
     <span class='ocr_line' id='line_1_19' title="bbox 154 2508 1042 2592; baseline 0.002 -22"><span class='ocrx_word' id='word_1_105' title='bbox 154 2509 352 2570; x_wconf 78' lang='lat' dir='ltr'><strong>Heerrauclt</strong></span> <span class='ocrx_word' id='word_1_106' title='bbox 409 2508 431 2590; x_wconf 87' lang='lat'><em>(</em></span> <span class='ocrx_word' id='word_1_107' title='bbox 438 2508 621 2570; x_wconf 79' lang='lat' dir='ltr'><strong>Hdltreuclr</strong></span> <span class='ocrx_word' id='word_1_108' title='bbox 628 2510 650 2592; x_wconf 91' lang='lat'><em>)</em></span> <span class='ocrx_word' id='word_1_109' title='bbox 696 2509 881 2569; x_wconf 76' lang='lat' dir='ltr'><strong>calamitates</strong></span> <span class='ocrx_word' id='word_1_110' title='bbox 897 2508 1042 2572; x_wconf 85' lang='lat' dir='ltr'><strong>declarat.</strong></span> 
     </span>
    </p>

    <p class='ocr_par' dir='ltr' id='par_1_6' title="bbox 144 2609 1258 4239">
     <span class='ocr_line' id='line_1_20' title="bbox 155 2609 1192 2692; baseline 0.009 -21"><span class='ocrx_word' id='word_1_111' title='bbox 155 2612 256 2671; x_wconf 79' lang='lat' dir='ltr'><strong>dictet</strong></span> <span class='ocrx_word' id='word_1_112' title='bbox 291 2633 321 2672; x_wconf 87' lang='lat' dir='ltr'><strong>v.</strong></span> <span class='ocrx_word' id='word_1_113' title='bbox 348 2611 461 2692; x_wconf 89' lang='lat' dir='ltr'><strong>Opusc.</strong></span> <span class='ocrx_word' id='word_1_114' title='bbox 490 2612 562 2673; x_wconf 88' lang='lat' dir='ltr'><strong>Vol.</strong></span> <span class='ocrx_word' id='word_1_115' title='bbox 590 2612 651 2686; x_wconf 91' lang='grc' dir='ltr'><strong>ΙΙΙ,</strong></span> <span class='ocrx_word' id='word_1_116' title='bbox 758 2619 830 2687; x_wconf 77' lang='grc'><strong>470.</strong></span> <span class='ocrx_word' id='word_1_117' title='bbox 860 2609 974 2671; x_wconf 84' lang='lat' dir='ltr'><strong>Oblata</strong></span> <span class='ocrx_word' id='word_1_118' title='bbox 998 2628 1101 2676; x_wconf 88' lang='lat' dir='ltr'><strong>tamen</strong></span> <span class='ocrx_word' id='word_1_119' title='bbox 1121 2615 1192 2680; x_wconf 83' lang='lat' dir='ltr'><strong>suut</strong></span> 
     </span>
     <span class='ocr_line' id='line_1_21' title="bbox 153 2711 1191 2796; baseline 0.004 -20"><span class='ocrx_word' id='word_1_120' title='bbox 153 2733 211 2776; x_wconf 85' lang='lat' dir='ltr'><strong>no.</strong></span> <span class='ocrx_word' id='word_1_121' title='bbox 228 2714 283 2776; x_wconf 82' lang='lat' dir='ltr'><strong>xl.</strong></span> <span class='ocrx_word' id='word_1_122' title='bbox 326 2715 551 2775; x_wconf 84' lang='lat' dir='ltr'><strong>Primaslineas</strong></span> <span class='ocrx_word' id='word_1_123' title='bbox 565 2714 652 2776; x_wconf 80' lang='lat' dir='ltr'><strong>buius</strong></span> <span class='ocrx_word' id='word_1_124' title='bbox 695 2711 838 2793; x_wconf 80' lang='lat' dir='ltr'><strong>prodigia</strong></span> <span class='ocrx_word' id='word_1_125' title='bbox 864 2717 963 2773; x_wconf 77' lang='lat' dir='ltr'><strong>omnia</strong></span> <span class='ocrx_word' id='word_1_126' title='bbox 986 2720 1106 2796; x_wconf 74' lang='lat' dir='ltr'><strong>generis</strong></span> <span class='ocrx_word' id='word_1_127' title='bbox 1136 2719 1191 2782; x_wconf 92' lang='lat' dir='ltr'><strong>illo</strong></span> 
     </span>
     <span class='ocr_line' id='line_1_22' title="bbox 154 2814 1189 2900; baseline 0.006 -25"><span class='ocrx_word' id='word_1_128' title='bbox 154 2817 302 2900; x_wconf 81' lang='lat' dir='ltr'><strong>prodigia</strong></span> <span class='ocrx_word' id='word_1_129' title='bbox 349 2818 513 2876; x_wconf 86' lang='lat' dir='ltr'><strong>enarrandi</strong></span> <span class='ocrx_word' id='word_1_130' title='bbox 560 2823 653 2878; x_wconf 83' lang='lat' dir='ltr'><strong>moria</strong></span> <span class='ocrx_word' id='word_1_131' title='bbox 695 2829 844 2893; x_wconf 88' lang='lat' dir='ltr'><strong>tempore.</strong></span> <span class='ocrx_word' id='word_1_132' title='bbox 913 2814 1051 2891; x_wconf 79' lang='lat' dir='ltr'><strong>obsceni</strong></span> <span class='ocrx_word' id='word_1_133' title='bbox 1081 2838 1189 2895; x_wconf 82' lang='lat' dir='ltr'><strong>canes,</strong></span> 
     </span>
     <span class='ocr_line' id='line_1_23' title="bbox 155 2904 1190 2999; baseline 0.003 -21"><span class='ocrx_word' id='word_1_134' title='bbox 155 2904 246 2979; x_wconf 67' lang='lat' dir='ltr'><strong>dunt</strong></span> <span class='ocrx_word' id='word_1_135' title='bbox 278 2918 425 2998; x_wconf 83' lang='lat' dir='ltr'><strong>apollon.</strong></span> <span class='ocrx_word' id='word_1_136' title='bbox 460 2918 521 2992; x_wconf 92' lang='lat' dir='ltr'><strong>1v,</strong></span> <span class='ocrx_word' id='word_1_137' title='bbox 563 2923 653 2998; x_wconf 75' lang='lat'><strong>1284.</strong></span> <span class='ocrx_word' id='word_1_138' title='bbox 696 2911 835 2986; x_wconf 83' lang='lat' dir='ltr'><strong>ominoli,</strong></span> <span class='ocrx_word' id='word_1_139' title='bbox 861 2915 940 2974; x_wconf 89' lang='lat' dir='ltr'><strong>mala</strong></span> <span class='ocrx_word' id='word_1_140' title='bbox 954 2918 1190 2999; x_wconf 76' lang='lat' dir='ltr'><strong>portendentes,</strong></span> 
     </span>
     <span class='ocr_line' id='line_1_24' title="bbox 154 3019 1216 3103; baseline -0.004 -20"><span class='ocrx_word' id='word_1_141' title='bbox 154 3023 259 3083; x_wconf 84' lang='lat' dir='ltr'><strong>Etiam</strong></span> <span class='ocrx_word' id='word_1_142' title='bbox 273 3023 315 3081; x_wconf 88' lang='lat' dir='ltr'><strong>sui</strong></span> <span class='ocrx_word' id='word_1_143' title='bbox 330 3022 501 3082; x_wconf 84' lang='lat' dir='ltr'><strong>consulatus</strong></span> <span class='ocrx_word' id='word_1_144' title='bbox 513 3023 655 3103; x_wconf 81' lang='lat' dir='ltr'><strong>prodigia</strong></span> <span class='ocrx_word' id='word_1_145' title='bbox 695 3032 728 3076; x_wconf 90' lang='lat' dir='ltr'><strong>vt</strong></span> <span class='ocrx_word' id='word_1_146' title='bbox 767 3019 977 3097; x_wconf 77' lang='lat' dir='ltr'><strong>importunae</strong></span> <span class='ocrx_word' id='word_1_147' title='bbox 1020 3021 1216 3095; x_wconf 53' lang='lat' dir='ltr'><strong>volueret„</strong></span> 
     </span>
     <span class='ocr_line' id='line_1_25' title="bbox 156 3117 1191 3203; baseline 0.005 -21"><span class='ocrx_word' id='word_1_148' title='bbox 156 3122 282 3202; x_wconf 77' lang='lat' dir='ltr'><strong>copiose</strong></span> <span class='ocrx_word' id='word_1_149' title='bbox 298 3122 435 3203; x_wconf 76' lang='lat' dir='ltr'><strong>exposuit</strong></span> <span class='ocrx_word' id='word_1_150' title='bbox 450 3129 582 3184; x_wconf 89' lang='lat' dir='ltr'><strong>carmine</strong></span> <span class='ocrx_word' id='word_1_151' title='bbox 591 3125 653 3188; x_wconf 88' lang='lat' dir='ltr'><strong>Cic.</strong></span> <span class='ocrx_word' id='word_1_152' title='bbox 697 3117 829 3190; x_wconf 81' lang='lat' dir='ltr'><strong>odiosae,</strong></span> <span class='ocrx_word' id='word_1_153' title='bbox 850 3117 1004 3198; x_wconf 85' lang='lat' dir='ltr'><strong>molestae,</strong></span> <span class='ocrx_word' id='word_1_154' title='bbox 1024 3126 1097 3185; x_wconf 88' lang='lat' dir='ltr'><strong>mali</strong></span> <span class='ocrx_word' id='word_1_155' title='bbox 1112 3132 1191 3188; x_wconf 85' lang='lat' dir='ltr'><strong>omi·</strong></span> 
     </span>
     <span class='ocr_line' id='line_1_26' title="bbox 156 3224 1189 3310; baseline 0.007 -24"><span class='ocrx_word' id='word_1_156' title='bbox 156 3227 198 3287; x_wconf 89' lang='lat' dir='ltr'><strong>de</strong></span> <span class='ocrx_word' id='word_1_157' title='bbox 222 3227 297 3287; x_wconf 85' lang='lat' dir='ltr'><strong>Diu.</strong></span> <span class='ocrx_word' id='word_1_158' title='bbox 317 3225 349 3298; x_wconf 92' lang='lat'><strong>1,</strong></span> <span class='ocrx_word' id='word_1_159' title='bbox 380 3248 427 3289; x_wconf 83' lang='grc' dir='ltr'><strong>ιι.</strong></span> <span class='ocrx_word' id='word_1_160' title='bbox 491 3227 539 3287; x_wconf 84' lang='lat' dir='ltr'><strong>Ad</strong></span> <span class='ocrx_word' id='word_1_161' title='bbox 560 3224 654 3287; x_wconf 84' lang='lat' dir='ltr'><strong>nostri</strong></span> <span class='ocrx_word' id='word_1_162' title='bbox 696 3226 860 3283; x_wconf 81' lang='lat' dir='ltr'><strong>niscantu.</strong></span> <span class='ocrx_word' id='word_1_163' title='bbox 915 3233 988 3302; x_wconf 76' lang='lat'><strong>471.</strong></span> <span class='ocrx_word' id='word_1_164' title='bbox 1019 3227 1116 3310; x_wconf 79' lang='lat' dir='ltr'><strong>Igitur</strong></span> <span class='ocrx_word' id='word_1_165' title='bbox 1137 3232 1189 3293; x_wconf 80' lang='lat' dir='ltr'><strong>eli·</strong></span> 
     </span>
     <span class='ocr_line' id='line_1_27' title="bbox 155 3326 1191 3417; baseline -0.003 -28"><span class='ocrx_word' id='word_1_166' title='bbox 155 3345 273 3411; x_wconf 83' lang='lat' dir='ltr'><strong>poetae</strong></span> <span class='ocrx_word' id='word_1_167' title='bbox 290 3349 409 3390; x_wconf 86' lang='lat' dir='ltr'><strong>morem</strong></span> <span class='ocrx_word' id='word_1_168' title='bbox 431 3330 482 3389; x_wconf 85' lang='lat' dir='ltr'><strong>alii</strong></span> <span class='ocrx_word' id='word_1_169' title='bbox 502 3328 654 3389; x_wconf 88' lang='lat' dir='ltr'><strong>bellorum</strong></span> <span class='ocrx_word' id='word_1_170' title='bbox 697 3329 816 3411; x_wconf 84' lang='lat' dir='ltr'><strong>quoties</strong></span> <span class='ocrx_word' id='word_1_171' title='bbox 829 3326 929 3387; x_wconf 83' lang='lat' dir='ltr'><strong>Aetna</strong></span> <span class='ocrx_word' id='word_1_172' title='bbox 942 3328 997 3387; x_wconf 91' lang='lat' dir='ltr'><strong>illo</strong></span> <span class='ocrx_word' id='word_1_173' title='bbox 1014 3350 1097 3394; x_wconf 88' lang='lat' dir='ltr'><strong>anno</strong></span> <span class='ocrx_word' id='word_1_174' title='bbox 1111 3337 1191 3417; x_wconf 74' lang='lat' dir='ltr'><strong>igni.</strong></span> 
     </span>
     <span class='ocr_line' id='line_1_28' title="bbox 156 3425 1191 3514; baseline 0.012 -25"><span class='ocrx_word' id='word_1_175' title='bbox 156 3435 400 3514; x_wconf 74' lang='lat' dir='ltr'><strong>grauiornmque</strong></span> <span class='ocrx_word' id='word_1_176' title='bbox 449 3429 654 3492; x_wconf 87' lang='lat' dir='ltr'><strong>calamitatum</strong></span> <span class='ocrx_word' id='word_1_177' title='bbox 696 3425 752 3488; x_wconf 86' lang='lat' dir='ltr'><strong>bus</strong></span> <span class='ocrx_word' id='word_1_178' title='bbox 778 3427 897 3489; x_wconf 86' lang='lat' dir='ltr'><strong>arserat.</strong></span> <span class='ocrx_word' id='word_1_179' title='bbox 940 3428 1022 3493; x_wconf 78' lang='lat' dir='ltr'><strong>Esl&#39;et</strong></span> <span class='ocrx_word' id='word_1_180' title='bbox 1043 3432 1191 3502; x_wconf 71' lang='lat' dir='ltr'><strong>hactenus</strong></span> 
     </span>
     <span class='ocr_line' id='line_1_29' title="bbox 154 3531 1191 3621; baseline 0.011 -28"><span class='ocrx_word' id='word_1_181' title='bbox 154 3531 316 3616; x_wconf 83' lang='lat' dir='ltr'><strong>praesagia</strong></span> <span class='ocrx_word' id='word_1_182' title='bbox 357 3550 655 3611; x_wconf 83' lang='lat' dir='ltr'><strong>commemoramnt;</strong></span> <span class='ocrx_word' id='word_1_183' title='bbox 696 3545 817 3611; x_wconf 85' lang='lat' dir='ltr'><strong>reperta</strong></span> <span class='ocrx_word' id='word_1_184' title='bbox 847 3531 944 3594; x_wconf 82' lang='lat' dir='ltr'><strong>caulle</strong></span> <span class='ocrx_word' id='word_1_185' title='bbox 978 3537 1114 3621; x_wconf 75' lang='lat' dir='ltr'><strong>caliginis</strong></span> <span class='ocrx_word' id='word_1_186' title='bbox 1142 3557 1191 3604; x_wconf 90' lang='lat' dir='ltr'><strong>to·</strong></span> 
     </span>
     <span class='ocr_line' id='line_1_30' title="bbox 154 3633 1191 3718; baseline 0.008 -21"><span class='ocrx_word' id='word_1_187' title='bbox 154 3636 235 3697; x_wconf 87' lang='lat' dir='ltr'><strong>belli</strong></span> <span class='ocrx_word' id='word_1_188' title='bbox 263 3636 387 3718; x_wconf 86' lang='lat' dir='ltr'><strong>quidem</strong></span> <span class='ocrx_word' id='word_1_189' title='bbox 418 3638 515 3696; x_wconf 83' lang='lat' dir='ltr'><strong>ciuilia</strong></span> <span class='ocrx_word' id='word_1_190' title='bbox 538 3638 654 3696; x_wconf 88' lang='lat' dir='ltr'><strong>Lucan.</strong></span> <span class='ocrx_word' id='word_1_191' title='bbox 697 3636 755 3694; x_wconf 85' lang='lat' dir='ltr'><strong>tius</strong></span> <span class='ocrx_word' id='word_1_192' title='bbox 770 3639 852 3698; x_wconf 87' lang='lat' dir='ltr'><strong>armi.</strong></span> <span class='ocrx_word' id='word_1_193' title='bbox 886 3633 1057 3700; x_wconf 68' lang='lat' dir='ltr'><strong>aestuantis</strong></span> <span class='ocrx_word' id='word_1_194' title='bbox 1071 3643 1191 3704; x_wconf 84' lang='lat' dir='ltr'><strong>Aetnae</strong></span> 
     </span>
     <span class='ocr_line' id='line_1_31' title="bbox 153 3735 1191 3823; baseline 0.003 -21"><span class='ocrx_word' id='word_1_195' title='bbox 153 3741 189 3814; x_wconf 89' lang='lat' dir='ltr'><strong>I,</strong></span> <span class='ocrx_word' id='word_1_196' title='bbox 214 3743 279 3802; x_wconf 77' lang='lat'><strong>525</strong></span> <span class='ocrx_word' id='word_1_197' title='bbox 299 3739 341 3823; x_wconf 89' lang='lat' dir='ltr'><strong>sq.</strong></span> <span class='ocrx_word' id='word_1_198' title='bbox 374 3739 500 3800; x_wconf 82' lang='lat' dir='ltr'><strong>Petron.</strong></span> <span class='ocrx_word' id='word_1_199' title='bbox 528 3760 553 3802; x_wconf 86' lang='lat' dir='ltr'><strong>c.</strong></span> <span class='ocrx_word' id='word_1_200' title='bbox 587 3760 654 3802; x_wconf 80' lang='lat'>122.</span> <span class='ocrx_word' id='word_1_201' title='bbox 697 3735 811 3817; x_wconf 86' lang='lat' dir='ltr'><strong>explosi</strong></span> <span class='ocrx_word' id='word_1_202' title='bbox 831 3744 918 3821; x_wconf 78' lang='lat' dir='ltr'><strong>ignes</strong></span> <span class='ocrx_word' id='word_1_203' title='bbox 944 3741 1085 3803; x_wconf 75' lang='lat' dir='ltr'><strong>verbine</strong></span> <span class='ocrx_word' id='word_1_204' title='bbox 1113 3759 1191 3804; x_wconf 79' lang='lat' dir='ltr'><strong>tcm-</strong></span> 
     </span>
     <span class='ocr_line' id='line_1_32' title="bbox 144 3834 1191 3926; baseline 0.003 -23"><span class='ocrx_word' id='word_1_205' title='bbox 144 3846 298 3926; x_wconf 75' lang='lat' dir='ltr'><strong>&#39;serrugo</strong></span> <span class='ocrx_word' id='word_1_206' title='bbox 339 3846 463 3922; x_wconf 87' lang='lat' dir='ltr'><strong>poetice</strong></span> <span class='ocrx_word' id='word_1_207' title='bbox 514 3847 655 3904; x_wconf 87' lang='lat' dir='ltr'><strong>oratione</strong></span> <span class='ocrx_word' id='word_1_208' title='bbox 696 3834 812 3918; x_wconf 85' lang='lat' dir='ltr'><strong>pestate</strong></span> <span class='ocrx_word' id='word_1_209' title='bbox 834 3845 925 3904; x_wconf 79' lang='lat' dir='ltr'><strong>marie</strong></span> <span class='ocrx_word' id='word_1_210' title='bbox 953 3848 1056 3925; x_wconf 82' lang='lat' dir='ltr'><strong>petitia</strong></span> <span class='ocrx_word' id='word_1_211' title='bbox 1081 3844 1191 3906; x_wconf 81' lang='lat' dir='ltr'><strong>descri-</strong></span> 
     </span>
     <span class='ocr_line' id='line_1_33' title="bbox 152 3939 1190 4031; baseline 0 -22"><span class='ocrx_word' id='word_1_212' title='bbox 152 3970 217 4031; x_wconf 84' lang='lat' dir='ltr'><strong>pro</strong></span> <span class='ocrx_word' id='word_1_213' title='bbox 250 3947 391 4028; x_wconf 79' lang='lat' dir='ltr'><strong>caligine.</strong></span> <span class='ocrx_word' id='word_1_214' title='bbox 449 3948 552 4027; x_wconf 81' lang='lat' dir='ltr'><strong>impia</strong></span> <span class='ocrx_word' id='word_1_215' title='bbox 577 3943 657 4022; x_wconf 85' lang='lat' dir='ltr'><strong>sae·</strong></span> <span class='ocrx_word' id='word_1_216' title='bbox 697 3939 822 4002; x_wconf 86' lang='lat' dir='ltr'><strong>buntur.</strong></span> <span class='ocrx_word' id='word_1_217' title='bbox 892 3946 1032 4008; x_wconf 88' lang='lat' dir='ltr'><strong>Omnino</strong></span> <span class='ocrx_word' id='word_1_218' title='bbox 1077 3946 1190 4008; x_wconf 71' lang='lat' dir='ltr'><strong>vnde·</strong></span> 
     </span>
     <span class='ocr_line' id='line_1_34' title="bbox 153 4040 1258 4122; baseline 0 -11"><span class='ocrx_word' id='word_1_219' title='bbox 153 4051 236 4111; x_wconf 84' lang='lat' dir='ltr'><strong>cula</strong></span> <span class='ocrx_word' id='word_1_220' title='bbox 274 4047 415 4110; x_wconf 79' lang='lat' dir='ltr'><strong>homines</strong></span> <span class='ocrx_word' id='word_1_221' title='bbox 450 4045 531 4111; x_wconf 79' lang='lat' dir='ltr'><strong>illiue</strong></span> <span class='ocrx_word' id='word_1_222' title='bbox 567 4050 655 4122; x_wconf 90' lang='lat' dir='ltr'><strong>aeui,</strong></span> <span class='ocrx_word' id='word_1_223' title='bbox 697 4040 827 4107; x_wconf 72' lang='lat' dir='ltr'><strong>flammis</strong></span> <span class='ocrx_word' id='word_1_224' title='bbox 845 4047 1030 4110; x_wconf 84' lang='lat' dir='ltr'><strong>tribuuntur.</strong></span> <span class='ocrx_word' id='word_1_225' title='bbox 1078 4049 1189 4110; x_wconf 74' lang='lat' dir='ltr'><strong>Exem-</strong></span> <span class='ocrx_word' id='word_1_226' title='bbox 1256 4041 1258 4044; x_wconf 35' lang='lat'><strong>⁴</strong></span> 
     </span>
     <span class='ocr_line' id='line_1_35' title="bbox 152 4147 1191 4239; baseline -0.003 -23"><span class='ocrx_word' id='word_1_227' title='bbox 152 4174 222 4239; x_wconf 84' lang='lat' dir='ltr'><strong>quo</strong></span> <span class='ocrx_word' id='word_1_228' title='bbox 244 4154 385 4234; x_wconf 78' lang='lat' dir='ltr'><strong>impium</strong></span> <span class='ocrx_word' id='word_1_229' title='bbox 398 4152 516 4217; x_wconf 71' lang='lat' dir='ltr'><strong>facinus</strong></span> <span class='ocrx_word' id='word_1_230' title='bbox 532 4157 565 4214; x_wconf 86' lang='lat' dir='ltr'><strong>in</strong></span> <span class='ocrx_word' id='word_1_231' title='bbox 581 4152 657 4216; x_wconf 87' lang='lat' dir='ltr'><strong>Cae·</strong></span> <span class='ocrx_word' id='word_1_232' title='bbox 697 4148 750 4231; x_wconf 78' lang='lat' dir='ltr'><strong>pla</strong></span> <span class='ocrx_word' id='word_1_233' title='bbox 772 4147 824 4213; x_wconf 89' lang='lat' dir='ltr'><strong>det</strong></span> <span class='ocrx_word' id='word_1_234' title='bbox 846 4152 954 4215; x_wconf 87' lang='lat' dir='ltr'><strong>Cerda.</strong></span> <span class='ocrx_word' id='word_1_235' title='bbox 984 4182 986 4186; x_wconf 95' lang='lat'>·</span> <span class='ocrx_word' id='word_1_236' title='bbox 1008 4152 1191 4235; x_wconf 77' lang='lat' dir='ltr'><strong>liquefacto</strong></span> 
     </span>
    </p>
   </div>
   <div class='ocr_carea' id='block_1_6' title="bbox 0 0 1350 4914">
    <p class='ocr_par' dir='ltr' id='par_1_7' title="bbox 0 0 1350 4914">
     <span class='ocr_line' id='line_1_36' title="bbox 0 0 1350 4914; baseline 0 0"><span class='ocrx_word' id='word_1_237' title='bbox 0 0 1350 4914; x_wconf 95' lang='lat' dir='ltr'><strong> </strong></span> 
     </span>
    </p>
   </div>
  </div>
 </body>
</html>
