2692 4914
1 360 7 375 .
112 242 247 427 »φεῖ
298 272 302 280 ’
334 240 669 382 ”rivrrtet-trt
698 301 958 377 Mtuours

299 486 666 599 ‘LYCIDAS.*)
719 490 990 572 MOERIS
1063 580 1066 584 ‚

3 634 22 721 .‘
128 668 165 734 ’Β
177 625 299 812 Quo
320 690 376 763 te,
410 635 551 776 Moeii,
583 667 725 770 pedes?
772 694 839 758 au,
872 693 949 767 quo
970 664 1029 738 via
1051 661 1166 754 ducit,

23 790 30 801 ’
753 796 793 864 in
814 790 969 864 vrbem?

30 990 37 1001 .
125 936 224 1008 auo
246 924 403 1023 Lycida,
432 928 507 999 viui
526 930 784 1024 peruenimus‚
822 925 969 998 aduena
989 919 1114 1009 nostri,

126 1047 249 1164 Quod
269 1085 474 1160 numquam
498 1064 605 1133 veriti
624 1058 763 1149 smnus,
802 1077 841 1132 vt
859 1055 1035 1159 possessor
1057 1051 1168 1153 agelli

34 1230 49 1247 ’
129 1202 303 1277 Diceret:
336 1195 441 1268 Haec
462 1216 547 1266 mea
565 1191 662 1267 sunt:
688 1213 832 1276 veteres
852 1199 1007 1295 migrate
1026 1188 1167 1264 coloni.

200 1412 263 1465 rIn
283 1405 400 1462 Parrbas.
424 1423 449 1461 et
467 1404 541 1460 Leid.
563 1407 609 1462 elt.
631 1408 668 1462 ita
693 1405 911 1482 distinguebaturt
953 1424 1008 1467 an,
1042 1421 1096 1476 quo
1114 1407 1168 1454 vla

132 1493 236 1550 duett?
268 1502 298 1548 tn
314 1489 435 1546 vrbem?
467 1491 560 1547 vthoc
579 1500 770 1563 ἐπεξηγητιιῦς
792 1495 947 1548 subiiciutur.
984 1494 1168 1561 autqaovr'a

89 1589 92 1594 '
130 1580 181 1635 Ed.
197 1580 276 1633 Vere.
335 1577 425 1631 :tVix
444 1575 510 1628 mihi
527 1576 703 1649 temperabam
717 1581 744 1631 in
758 1581 844 1653 priore
861 1579 992 1641 editione,
1011 1577 1075 1649 quin
1094 1576 1166 1642 Quo»

71 1737 73 1741 Ι
132 1663 260 1738 Lycida,
277 1669 340 1716 vitei
358 1663 558 1731 peruenimue!
590 1679 758 1732 reponerem
785 1681 811 1718 et
824 1664 860 1718 fic
878 1663 934 1717 Ecl.
948 1667 968 1724 1,
984 1681 1017 1732 72
1045 1661 1092 1714 En
1111 1675 1167 1728 quo

132 1747 284 1806 decorata
305 1753 380 1798 eines
398 1745 539 1799 Perduxtt
557 1766 592 1799 m.
627 1747 683 1802 Ecl.
697 1750 742 1811 ΙΙΙ,
758 1752 791 1803 88
813 1757 922 1810 veniat,
943 1767 998 1819 quo
1014 1761 1041 1798 te
1055 1761 1169 1816 quoque

130 1834 249 1908 gaudet.
284 1828 358 1884 Idem
374 1830 426 1883 iam
442 1825 550 1885 Heinsio
570 1831 598 1883 in
620 1848 735 1887 merrtem
755 1851 872 1895 venerat.
892 1852 940 1886 nec
960 1834 1049 1887 Burm.
1070 1831 1170 1898 impro-

67 1976 70 1985 ,
129 1918 186 1973 bat.
222 1917 251 1970 Si
271 1916 325 1968 bec
344 1930 480 1970 tenemutt
522 1915 666 1979 exciderat,
693 1919 828 1972 etcentiee
844 1919 956 1980 sactum,
982 1916 1064 1988 prima
1084 1913 1169 1965 littera

129 2004 160 2058 in
173 2021 247 2073 quo,
275 1998 476 2072 prepterfimile
490 2000 595 2054 initium
609 2002 753 2066 vicinorum
766 2003 890 2063 versuum,
916 2019 942 2056 et
955 2001 1027 2075 quod
1042 2013 1171 2069 magnum

130 2089 245 2160 spatium
265 2084 366 2138 litterae
384 2085 478 2138 initiali
500 2086 577 2158 primi
596 2086 680 2140 versus
705 2089 823 2142 relictum
854 2087 925 2140 effer.
971 2087 1016 2138 Sic
1035 2086 1062 2138 in
1084 2080 1168 2150 Regio

133 2173 204 2227 cod.
226 2171 337 2243 Lycida
357 2169 393 2224 ita
412 2169 535 2241 scriptum
555 2187 626 2234 erat,
658 2188 684 2227 vt
702 2173 781 2227 breue
804 2193 820 2226 ο
838 2173 971 2245 adpictum
991 2167 1060 2224 esset.
1095 2167 1171 2220 Reri-

130 2257 211 2311 nebat
237 2272 324 2308 tamen
345 2273 403 2317 me,
431 2255 501 2328 qued
521 2256 623 2327 ingrata
645 2254 681 2311 est
699 2255 744 2311 illa
766 2259 884 2331 repetitio
903 2261 953 2313 τοῦ
973 2277 1043 2328 que,
1069 2270 1095 2305 et
1112 2252 1171 2322 qui·

130 2341 193 2395 dem
221 2336 322 2393 diuerso
348 2356 419 2392 nunc
445 2337 525 2392 sensu.
573 2340 740 2396 Defideratur
763 2343 830 2405 huc,
858 2361 904 2404 eo,
923 2370 958 2383 ··-
976 2356 1009 2395 vt
1034 2337 1171 2412 poffiffor

132 2427 224 2500 agellt
247 2426 363 2477 diceret.
399 2426 506 2478 Poterat
525 2423 592 2480 adeo
615 2427 704 2480 scribi:
739 2429 902 2499 ΟΙγείιΙα,
920 2433 981 2479 utut
998 2427 1051 2476 hue
1072 2442 1171 2496 perue-

130 2522 239 2571 ntmru,
264 2509 304 2562 vel
320 2511 397 2571 Huc,
424 2509 548 2572 Lycida,
574 2530 602 2562 v.
624 2530 653 2581 p.
695 2512 778 2566 Poslie
801 2532 906 2585 quoque
925 2510 1063 2581 restingere,
1097 2507 1171 2580 quod

132 2598 173 2651 Io.
189 2594 327 2648 Schrader.
351 2594 379 2646 in
400 2593 500 2647 schedis
518 2595 649 2648 tentabat:
686 2600 711 2649 Ο
725 2599 850 2668 Lycida,
874 2604 938 2651 viui
958 2616 1012 2666 que
1032 2603 1171 2655 vertimus,

130 2696 179 2738 aut
202 2679 294 2732 vitium
314 2679 342 2730 in
360 2697 424 2731 voce
446 2676 532 2731 inutili
555 2686 618 2732 viui
635 2698 765 2751 quaerere.
812 2683 892 2736 Nunc
912 2702 973 2735 cum
993 2679 1060 2734 nibil
1082 2679 1170 2732 afferri

134 2763 232 2840 pellit,
272 2761 345 2836 quod
364 2782 419 2815 non
441 2763 506 2815 eliue
526 2761 601 2816 aliter
629 2762 782 2826 constituat,
815 2766 985 2837 relinquenda
1006 2763 1044 2818 est
1068 2764 1173 2833 vulgata

136 2868 267 2925 corrupta.
303 2850 388 2901 Vetus
408 2848 479 2900 vicus
500 2845 551 2901 esse
571 2847 664 2911 debet,
689 2869 749 2903 cum
769 2851 821 2903 iam
837 2852 919 2903 Seruii
941 2850 1019 2903 codd.
1041 2850 1171 2902 insederit.

139 2943 208 2995 Vr'trt'
226 2941 404 3007 peruenimue
421 2951 469 3006 pro
488 2931 601 2985 viuende
623 2934 771 3004 attigimus,
796 2935 853 2996 seu,
880 2935 924 2987 diu
944 2934 1057 2987 uiuendo
1077 2933 1172 2986 edilia

53 3013 55 3016 Α
137 3022 323 3098 perueniruue,
344 3019 417 3070 Seru.
434 3017 556 3088 exponit;
578 3019 651 3091 quod
664 3019 758 3073 durum
773 3037 799 3074 et
819 3020 873 3074 fine
887 3020 1006 3090 exemplo
1021 3017 1085 3080 esse,
1102 3035 1173 3072 reete

135 3110 226 3164 Burru.
244 3103 365 3158 affirmat.
435 3102 451 3156 3
474 3105 535 3174 Quo
559 3122 702 3174 nunquam
720 3107 817 3158 Meret.
839 3121 923 3177 quart.
944 3121 970 3157 et
984 3103 1072 3163 uid..
1099 3103 1173 3175 quod

137 3194 218 3246 etiam
238 3191 299 3243 loco
321 3186 481 3248 mederetur,
502 3194 565 3241 viui
583 3198 763 3260 peruenimrtr
778 3208 828 3251 eo,
854 3208 909 3260 quo
931 3209 1075 3261 nunquam
1087 3197 1174 3242 veriti

128 3278 230 3349 sumus
245 3292 299 3328 noe
317 3285 501 3344 peruenturus
516 3271 587 3342 effe:
605 3271 653 3328 nisi
669 3274 759 3326 durior
773 3277 889 3328 traiectio
907 3274 976 3329 esset·
1014 3294 1070 3345 que
1084 3274 1173 3337 Gud.;

137 3361 207 3415 sorte
231 3379 280 3430 pro
305 3376 378 3428 quae
405 3354 479 3408 addit
501 3356 590 3407 Burm.
650 3360 743 3428 Quam
773 3379 918 3429 nunquam
948 3367 1042 3412 meriti
1056 3359 1176 3430 sumus!

138 3444 212 3498 Leid.
229 3443 291 3505 ule,
320 3457 347 3495 vt
360 3441 393 3495 fit
404 3439 576 3502 exclamatio,
610 3442 683 3515 quafi
695 3443 761 3498 haec
775 3459 830 3497 tam
852 3443 959 3515 indigua
976 3446 1175 3500 immerentibus

141 3527 284 3581 euenerint.
365 3535 384 3593 4
400 3533 524 3596 migrare
544 3525 612 3578 Ven.
998 3520 1000 3525 ’

189 3735 216 3772 1.
239 3733 284 3770 an
302 3714 338 3771 in
356 3711 479 3783 vrbem,
501 3732 565 3794 quo
578 3712 636 3771 via
679 3707 767 3785 πόδες
781 3699 861 3789 deor,
878 3712 1011 3775 Theoer.
1025 3716 1175 3794 x1v‚42.

143 3812 266 3873 ducit?
315 3815 425 3872 Forma
466 3815 557 3872 ducta
598 3835 636 3874 ex
680 3837 709 3874 a.
743 3818 815 3874 viui
838 3821 1071 3897 perrrem'mus,
1116 3818 1176 3879 scil.

142 3913 299 3974 Theocrit.
337 3914 472 3982 v11,21
509 3913 573 3997 sqq.
614 3897 636 3977 ἶ
679 3936 736 3990 eo,
779 3932 817 3975 vt
849 3917 1004 3999 poffeffor
1040 3919 1178 3978 aditena

177 4077 201 4142 ')
214 4077 323 4149 Lycida
338 4078 452 4150 quinque
469 4097 509 4149 ap.
527 4079 626 4147 nunu,
645 4097 724 4154 quem
737 4098 761 4136 r.
777 4080 880 4137 zulich.
894 4084 964 4138 banc
975 4084 1102 4157 Eclogam
1119 4106 1154 4158 po

245 4161 373 4216 decimam
395 4162 518 4234 penebat.
1154 4200 1156 4205 ·
