2700 4906
363 359 606 436 PRIORIS
639 361 941 439 EDITIONIS
1100 392 1190 445 xxv

149 565 345 666 quomodo
372 561 443 666 ipli
465 562 532 639 fibi
558 569 737 640 maiorem
769 568 910 665 ingenii
938 585 977 641 et
1007 573 1187 644 orationis

148 700 375 801 elegantiam
405 718 634 800 comparent.
703 702 800 772 Cum
838 719 964 774 tamen
992 703 1187 802 Virgilium

148 861 229 910 eum
251 833 333 910 effe
364 830 624 926 meminillem,
677 837 822 933 inquo
852 837 1003 910 criticae
1030 837 1184 912 alicuius

149 968 337 1044 facultatis
360 972 527 1068 copiam,
559 992 634 1069 qua
654 967 778 1041 nullus
793 973 978 1066 ingenuae
993 968 1187 1046 doctrinae

149 1103 262 1178 bomo
288 1100 371 1177 sme
393 1128 532 1204 magno
552 1120 592 1177 et
612 1100 676 1176 suo
696 1121 736 1177 et
754 1101 986 1203 disciplinae,
1009 1104 1186 1207 adquam
1229 1098 1232 1103 ’

151 1237 216 1312 lese
233 1236 420 1338 adiungit,
448 1239 675 1312 detrimento
690 1262 816 1312 carere
830 1234 948 1339 poffit,
975 1238 1187 1316 adolescen-

152 1394 202 1448 tes
224 1378 374 1475 optime
396 1371 532 1474 poffint
546 1369 611 1446 fibi
626 1397 773 1473 parare,
806 1372 912 1448 nolui
929 1373 987 1448 vel
1001 1373 1099 1451 hanc
1119 1380 1187 1451 vti·

153 1507 295 1583 litatem
323 1509 373 1582 ab
401 1507 475 1583 hac
505 1505 672 1581 editione
696 1506 895 1610 seiungere.
958 1511 1089 1609 Itaque
1107 1536 1187 1584 non

155 1643 267 1718 modo
300 1647 482 1716 variantes
510 1639 690 1717 lectiones
727 1668 774 1718 ex
805 1646 1076 1718 Burmanniane
1110 1645 1188 1720 edi·

156 1783 273 1868 tione,
310 1797 461 1878 praeter
474 1800 612 1877 paucus
627 1774 774 1877 prorsus
787 1777 954 1869 inutiles,
981 1803 1111 1853 omnes
1126 1805 1190 1854 ex·

155 1911 280 2015 cerpii
305 1918 346 1986 in
361 1911 557 1986 meliorem
570 1910 742 1987 ordinem
755 1909 896 2013 digeffi,
922 1913 1062 1988 iudicio
1077 1918 1189 1989 etiam

155 2049 409 2149 qualicunque
442 2068 531 2118 meo
558 2044 723 2138 adiecto;
770 2073 900 2122 verum
933 2053 1046 2122 etiam
1072 2054 1188 2124 varias

154 2184 336 2258 lectiones
360 2205 407 2254 ex
429 2180 607 2254 Pierianis
629 2183 903 2274 notationibus,
942 2208 1040 2284 quae
1061 2187 1186 2260 Tomo

154 2315 249 2391 istius
265 2315 454 2390 Editiouis
476 2333 609 2413 quarto
630 2311 788 2390 seorsum
804 2315 959 2394 excusae
982 2317 1081 2410 lunt,
1105 2317 1188 2394 lub-
1292 2316 1296 2324 ’

155 2456 268 2525 iunxi.
321 2453 380 2524 Ex
399 2452 628 2523 Martiniana
643 2475 756 2550 porro
771 2452 991 2554 Eclogarurn
1016 2471 1054 2527 et
1070 2453 1189 2529 Geor-

157 2592 327 2687 gicorum
357 2581 573 2659 recenfione
595 2580 734 2684 septem
756 2586 878 2661 Codd.
901 2593 1093 2663 varietates
1117 2586 1188 2664 suis

160 2723 247 2797 locis
271 2718 425 2809 inserui,
476 2736 515 2790 et
537 2743 584 2791 ex
607 2718 886 2820 Edimbnrgenli
907 2721 1187 2800 emendationes

162 2854 426 2955 Cuninghami,
467 2851 647 2927 Codicem
660 2853 874 2928 Mediceum
888 2882 911 2928 a
925 2860 1103 2958 Fogginio
1126 2882 1191 2930 ex·

159 2989 339 3094 prelium,
380 2989 552 3063 Vaticani
575 2987 725 3062 Codicis
747 2985 953 3088 fragmenta
981 3015 1004 3061 a
1024 2993 1190 3066 Bottario

160 3123 310 3215 excusa,
352 3122 502 3197 Codicis
518 3124 677 3195 Romani
696 3127 811 3197 varias
827 3127 1023 3200 Lectiones
1044 3127 1094 3200 ad
1119 3126 1192 3203 cal-

162 3286 243 3335 cem
271 3256 429 3357 abipso
458 3255 620 3329 adiectas
649 3254 776 3330 l'edulo
810 3266 1024 3359 comparaui
1063 3283 1102 3339 et
1129 3288 1193 3338 ex·

163 3392 299 3496 lcripfi;
327 3397 440 3466 trium
459 3395 570 3464 etiam
586 3392 788 3484 Codicum,
837 3419 932 3496 quos
955 3421 1043 3471 cum
1062 3395 1193 3499 infigni

164 3531 287 3631 aliquo
312 3527 413 3601 bene
438 3525 488 3600 de
508 3550 571 3599 me
592 3544 630 3600 et
650 3525 698 3600 de
713 3529 867 3628 Virgilio
890 3531 1059 3606 merendi
1073 3530 1194 3608 studio

167 3666 228 3739 vn
247 3659 378 3737 musa.
402 3660 474 3733 Iul.
508 3663 590 3734 car.
614 3661 854 3762 senaegems
882 3685 920 3740 et
950 3641 1136 3743 obtineat
1158 3686 1198 3744 et

169 3796 414 3900 inspiciendos
430 3792 594 3886 miserat,
619 3815 810 3898 excerptas
824 3796 1026 3896 lectiones,
1052 3804 1101 3880 de
1117 3808 1198 3908 qui-

171 3933 231 4009 bus
244 3934 376 4037 paullo
393 3927 479 4031 post
493 3929 624 4020 dicam,
652 3927 799 4007 subieci.
851 3934 1100 4013 Constitutum
1117 3941 1199 4040 qui-

172 4068 244 4145 dem
264 4074 312 4149 ab
343 4070 466 4146 initio
495 4062 696 4159 habebam,
749 4067 927 4148 dilectum
957 4073 1120 4178 aliquem
1142 4095 1202 4146 va·

173 4207 329 4288 nntium
353 4202 594 4293 lectionum,
639 4202 744 4306 quod
770 4204 881 4285 iuffus
909 4234 1029 4304 eram,
1068 4207 1204 4284 iacere.
