2692 4914
262 291 363 393 ala
583 315 877 395 axcvnsvs
907 321 974 395 111

264 498 320 580 qui
338 496 444 563 Gallus
464 505 599 565 carmina
626 502 666 565 ad
685 500 892 585 Euphorionis
911 505 1086 588 exemplum
1106 508 1298 592 compofito:

263 614 367 695 potuit
387 630 514 694 quoque
535 606 596 671 elle
618 606 825 691 Euphorionis
845 610 926 673 lihar
948 613 988 673 de
1006 614 1061 674 illo
1082 615 1173 684 lano.
1210 624 1300 682 cuitu

263 717 305 779 ad
323 735 381 778 nor
404 718 552 777 memoria
570 714 656 776 nulla
674 720 837 797 peruenit,
865 738 960 801 quern
978 719 1085 780 Gallus
1104 722 1206 784 latinia
1229 747 1300 787 ver·

263 820 344 886 iba·
364 822 516 892 reddiditr
551 818 736 883 veril'uulllua
759 836 865 884 tamen
890 820 950 900 eil,
982 823 1069 887 iuiffe
1092 831 1301 907 particulam

264 912 425 991 chiliadis
445 928 516 1014 rapi
536 925 683 1012 χρησμὸν
700 947 719 988 a
737 927 831 990 Gallo
850 928 947 991 latine
972 932 1159 994 conuersum.
1209 936 1300 1000 Inter

264 1037 325 1099 alia
348 1040 432 1098 enlm
458 1035 582 1096 oracula
608 1036 702 1095 etium
727 1034 848 1119 Grynei
874 1033 983 1097 debuit
1008 1044 1191 1101 memoratio
1218 1041 1299 1105 fieri.

262 1142 414 1225 Suspicari
438 1160 563 1224 quoque
588 1138 697 1222 aliquia
724 1137 832 1222 pollii,
866 1138 969 1223 Mopsi
994 1162 1113 1205 noman
1137 1146 1236 1208 latere
1263 1153 1301 1213 in

262 1270 340 1313 voce
361 1260 505 1328 corrupta
523 1243 687 1327 Μοψοπία,
708 1261 741 1307 et
762 1243 850 1307 inille
871 1239 982 1330 Μόψον
1002 1247 1079 1334 ἔτη,
1113 1268 1167 1313 aut
1186 1255 1301 1338 Modo·

137 1388 141 1393 ·
263 1355 379 1425 iretur.
427 1352 513 1414 iuter
532 1349 609 1413 haec
632 1348 722 1412 restat
748 1348 919 1426 difficulter,
956 1356 1044 1437 quod
1070 1376 1139 1418 non
1164 1362 1300 1444 intelligi

262 1456 379 1547 potest,
420 1457 567 1543 quidnam
596 1460 631 1517 in
654 1452 743 1518 fimili
770 1478 867 1539 opera
887 1459 970 1521 Galli
997 1460 1036 1522 ah
1063 1447 1198 1525 Hesiodo
1228 1487 1300 1526 mu·

263 1578 384 1629 turtum
404 1562 464 1627 elle
484 1565 639 1647 potuerit:
677 1582 751 1625 natu
768 1558 932 1640 Hefiodaa
949 1564 1066 1648 Μυῖα
1085 1565 1163 1629 haec
1182 1591 1299 1634 canere

263 1672 384 1737 dicitur.
426 1672 524 1733 Nimia
544 1684 668 1731 acutum
688 1664 761 1730 eilet
779 1665 804 1730 fi
818 1669 953 1742 diener,
980 1674 1063 1734 aliud
1075 1671 1202 1735 Heliodi
1216 1698 1298 1759 opus

263 1779 373 1861 reipici
398 1798 466 1840 non
491 1777 567 1862 ἔργα
588 1775 639 1840 nat
663 1770 793 1858 ἡμέραις,
825 1774 908 1840 forte
932 1773 973 1843 ni
997 1779 1056 1863 ἴη
1080 1777 1231 1858 μαντικοὶ,
1264 1799 1299 1844 et

264 1883 486 1979 Maluptradloev
508 1884 583 1947 olim
602 1885 633 1943 ei
652 1877 813 1956 tributam,
858 1904 951 1965 quam
971 1883 1153 1966 Euphorion
1176 1904 1230 1948 aut
1251 1889 1298 1950 le·

264 2007 379 2077 quatur
407 2005 473 2053 arat
498 2004 554 2051 rut
579 1982 769 2068 exprelierat.
823 1987 941 2049 Verum
976 1987 1140 2072 fimpliciur
1172 2014 1223 2055 rea
1249 2000 1297 2057 ita

266 2095 471 2161 constituntur:
516 2095 603 2157 Idem
635 2089 816 2172 Euphorion
843 2108 876 2155 et
903 2093 1036 2161 Ἡσίοδον
1071 2112 1104 2158 et
1131 2095 1296 2183 Χρησμοδς

264 2203 435 2285 scripseram
474 2205 558 2283 priua
585 2199 661 2260 illud
689 2197 823 2261 habebnt
850 2199 965 2284 aliquid
995 2206 1194 2264 coniunctum
1222 2228 1296 2267 cum

264 2313 327 2370 vita
353 2304 509 2389 pastorum
536 2320 568 2367 et
590 2303 738 2366 cantibus.
797 2307 876 2367 Cum
897 2307 1004 2369 Gallus
1027 2326 1194 2389 occupatus
1220 2310 1295 2373 ellet

151 2428 153 2433 '
262 2406 300 2476 iu
319 2415 416 2475 altaro
435 2409 586 2496 Χρησμὸἷν
599 2431 705 2491 opere,
733 2415 896 2474 memorari
915 2427 1038 2493 poterat
1057 2416 1152 2476 Linus
1171 2419 1294 2479 tradere

263 2522 396 2585 calantoa
422 2515 548 2580 Hefiodi
574 2516 682 2590 Gallo,
726 2515 835 2599 quibus
856 2532 991 2580 uteretur
1010 2523 1046 2582 in
1069 2521 1166 2584 altero
1194 2544 1292 2606 opera

263 2628 401 2693 eiutdetn
417 2639 529 2709 poetae
551 2621 761 2705 exprimendo.

348 2817 539 2882 Fontauinur
564 2815 586 2877 l.
612 2828 639 2877 c.
667 2818 746 2875 miro
776 2816 918 2877 acumine
944 2814 1032 2898 plura
1053 2815 1134 2880 Galli
1155 2824 1292 2882 carmina

265 2950 303 2991 ex
324 2926 457 2989 verllbur
479 2922 652 3006 virgilianis
674 2919 846 3003 exsculpfit:
883 2943 920 2982 ex
942 2944 971 2983 v.
992 2925 1117 3006 quidem
1138 2945 1180 3005 70
1206 2928 1291 2988 colli.

264 3055 338 3119 gera
364 3034 446 3105 vult,
488 3048 559 3090 eunt
583 3028 712 3088 latinum
744 3023 844 3090 iecillo
876 3026 1044 3090 Hefiodum
1069 3029 1288 3112 Euphorionis,

258 3154 300 3203 'ex
318 3161 347 3200 v.
368 3141 410 3219 73
445 3152 517 3197 eunt
543 3131 662 3196 vertiffe
694 3134 789 3195 latina
816 3131 1003 3208 Chiliadem,
1048 3150 1113 3201 tum
1136 3158 1175 3196 ex
1198 3159 1225 3198 v.
1248 3146 1288 3217 74

264 3241 404 3325 ictipfille
426 3262 496 3315 euru
515 3239 647 3302 fabulam
668 3239 786 3323 Scyllae
805 3241 978 3321 vtriuaque,
1010 3261 1139 3324 quarum
1160 3243 1288 3304 alteram

262 3345 411 3431 iuperell'e
435 3352 469 3407 in
492 3346 556 3406 Ciri
575 3345 705 3428 Virgilio
725 3343 817 3405 tribui
839 3344 924 3407 solita
943 3347 1121 3420 contendit,
1153 3365 1187 3409 et
1203 3371 1230 3412 v.
1246 3371 1287 3430 77

262 3455 397 3517 fabulam
419 3453 511 3513 Terei
530 3465 562 3511 et
581 3449 777 3512 Philomelae.
819 3451 905 3511 llaec
922 3465 1025 3513 tamen
1047 3453 1086 3512 ad
1105 3453 1203 3515 Sileni
1223 3475 1289 3515 car·

261 3580 336 3623 men
356 3559 507 3641 spectare,
534 3556 663 3617 meliore
678 3560 933 3637 interpretatione
947 3558 1036 3618 facile
1058 3559 1183 3620 edoceri
1197 3577 1289 3641 pote·

260 3681 309 3728 rat
328 3671 374 3725 vir
391 3659 582 3724 doctiffimua.
623 3662 709 3721 Cirin
730 3663 821 3723 Gallo
843 3662 1033 3725 uindicarant
1055 3664 1180 3741 etalii,
1205 3670 1288 3728 inter

261 3792 340 3859 quot
362 3770 512 3832 Gilaniua.
536 3767 598 3829 vid.
619 3768 762 3829 Proocm.
786 3768 827 3830 ad
848 3769 942 3829 Cirin.

346 3962 491 4023 Ceterum
503 3956 728 4040 Euphorionis,
760 3973 794 4019 vt
813 3974 985 4023 ceterorum
1007 3959 1287 4023 alexandrinorum

260 4084 441 4157 poetarum,
472 4087 585 4150 magna
603 4067 661 4125 luit
674 4065 794 4126 Romae
814 4063 871 4126 hac
890 4082 991 4128 aetate
1014 4065 1210 4130 existimatio:
1256 4084 1289 4131 et

261 4182 336 4242 inde
354 4173 599 4260 interpretandos
621 4171 681 4233 elle
701 4170 808 4235 censeo
829 4191 980 4237 caucam
992 4172 1217 4257 Euphorionis
1237 4196 1289 4258 ap.
