2692 4914
114 386 165 460 γι
317 352 629 432 nvmetnn
659 346 924 423 manente

116 548 165 622 Et
190 567 284 646 quo,
313 541 375 616 led
395 539 521 614 faciles
541 538 736 640 Nymphae
755 533 880 626 risere,
906 531 1054 608 sacello.

117 707 160 759 ιι.
173 682 292 769 Tum,
316 675 452 767 credo,
476 699 593 780 quum
606 697 667 747 me
681 668 870 746 arbustum
889 669 1018 746 videre
1038 669 1160 740 Mico-

741 807 804 879 rtis¹
1090 885 1096 895 ,
1116 825 1159 873 ιο

121 947 248 1046 Atque
277 947 377 1023 mala
403 948 485 1018 vitis
505 939 674 1019 incidere
696 937 793 1017 falce
815 936 997 1012 nouelles.

121 1105 161 1158 o.
180 1083 256 1158 Aut
291 1079 354 1157 hic
385 1077 435 1155 ad
460 1094 606 1152 veteres
637 1073 760 1175 fagos,
808 1098 926 1176 quum
950 1067 1165 1172 Daphnide

745 1227 873 1276 arcum

197 1383 229 1418 ιο
247 1367 375 1420 Miconis
394 1384 465 1420 nnnc
484 1363 570 1437 scripll
592 1365 765 1418 eTheocrito
786 1363 838 1416 hoc
857 1360 914 1435 ipso
927 1359 1005 1419 loco,
1026 1376 1106 1428 quem
1124 1374 1166 1408 ex·

126 1447 232 1523 pressltt
264 1449 466 1521 Misetosldyll.
481 1451 515 1513 V,
535 1468 590 1501 ιιι.
627 1450 716 1520 Vulgo
730 1452 870 1521 Mycenis.
943 1463 974 1503 ιι
991 1442 1167 1515 Daphnide

126 1532 215 1592 Valet.
230 1537 308 1592 Proh.
332 1539 360 1591 in
371 1536 433 1592 Atto
446 1533 593 1591 Grammat.
611 1532 735 1606 agnoscit.

129 1681 191 1747 hoc
213 1688 296 1748 inter
318 1690 451 1770 argutias
478 1689 630 1767 interpre-
672 1691 776 1747 terim.
818 1682 957 1742 Imitatus
973 1675 1017 1743 est
1032 1676 1112 1752 hoc,
1137 1691 1171 1739 vt

130 1801 197 1846 tum
220 1785 328 1849 harum
346 1790 529 1874 Edogarum
552 1787 631 1847 reie-
671 1788 771 1852 solent
781 1785 921 1847 homines
933 1782 1026 1865 digna
1043 1779 1171 1861 indigna

130 1889 282 1961 rendum:
319 1892 414 1973 idque
437 1885 631 1951 manifestum
672 1893 796 1961 imitari,
813 1881 1117 1967 Calpurniuel'l,84
1129 1880 1171 1963 sq.

131 1989 176 2063 fil,
205 1989 316 2074 liquis
336 1992 493 2053 Theocrit.
516 1993 557 2065 V,
579 1999 630 2069 [μ.
673 1991 876 2072 malafalee,
893 1985 1011 2058 obtusa,
1027 1982 1173 2065 rubigine

132 2099 186 2167 42,
210 2094 292 2155 vnde
316 2092 392 2153 haec
416 2091 569 2174 caprena,
598 2107 631 2152 et
673 2094 776 2171 erese,
803 2090 901 2176 qualis
931 2087 992 2148 falx
1019 2090 1112 2146 rantis
1141 2099 1173 2145 et

132 2192 225 2255 Plinii
246 2195 349 2256 locum
378 2198 499 2278 (quiin
526 2191 630 2254 nollro
673 2196 785 2257 vitibus
818 2207 906 2255 tante
940 2193 1038 2275 magis
1069 2203 1171 2250 noceo

133 2292 237 2356 Plinio
254 2315 320 2359 non
343 2301 500 2370 ooeurrit),
529 2298 633 2356 aSer-
673 2297 719 2357 Ita
732 2297 859 2378 exponit
875 2294 991 2365 Burni„
1010 2291 1104 2352 docte
1117 2293 1175 2354 mi·

135 2398 188 2454 vio
203 2394 370 2470 laudatum,
387 2414 554 2480 comparet.
566 2397 635 2475 sed
675 2420 748 2484 que,
764 2414 797 2459 vt
811 2413 914 2458 tamen
927 2392 1006 2455 nihil
1021 2391 1094 2452 huic
1104 2392 1174 2453 loco

127 2495 255 2574 semler
278 2500 448 2578 Nymphae
475 2501 576 2579 risere
599 2521 631 2561 ιι.
675 2499 754 2573 infit,
778 2498 864 2582 qnod
879 2498 918 2557 ad
935 2494 1021 2560 istam
1033 2510 1176 2577 argutam

135 2595 312 2681 sacrilegum
331 2600 390 2662 hoc
406 2603 532 2674 facinus,
562 2624 632 2662 cum
674 2608 827 2665 rationem
839 2600 927 2661 ferat.
976 2598 1173 2658 Damoetant

137 2699 187 2760 alii
204 2699 246 2762 dii
260 2701 427 2766 seueriores
447 2704 479 2763 id
500 2708 634 2785 grauiter
675 2708 778 2765 hirtim
794 2724 853 2784 per
868 2702 1016 2762 malitiam
1031 2702 1109 2760 viter
1128 2703 1176 2759 in-

137 2801 228 2863 vltnri
249 2803 380 2868 luillent.
415 2803 518 2868 Potest
530 2810 633 2891 itaque
677 2803 778 2869 cidille
799 2826 835 2865 ac
863 2798 1027 2883 corrupill'e
1054 2799 1174 2863 sufficia

130 2904 255 2986 spotia
271 2905 416 2972 hactenus
430 2906 635 2968 adlasciuiam
677 2911 870 2988 Accipiamue
921 2909 1027 2986 itaque
1077 2900 1175 2982 simpl.

132 3006 353 3091 Nympharum
387 3011 510 3082 referri,
555 3031 635 3094 quae
678 3011 813 3076 malam,
838 3012 992 3080 nociuam,
1021 3009 1178 3087 pernicio·
1205 3058 1208 3063 ,

142 3108 240 3172 cauffo
265 3109 353 3172 huius
375 3111 524 3172 facilitatis
552 3128 636 3176 erat:
679 3114 747 3177 lam.
777 3111 890 3171 Tibull.
910 3109 971 3182 ΙΙΙ,
988 3111 1019 3180 5,
1040 3128 1081 3168 20
1132 3107 1178 3164 Ee

141 3232 222 3292 quae
244 3216 370 3294 proprie
396 3217 430 3273 in
454 3217 563 3273 iniuria
594 3216 638 3276 fe·
679 3214 776 3275 modo
814 3226 897 3271 nata
929 3208 1021 3272 mola
1055 3207 1180 3268 vellere

141 3312 256 3385 rende,
290 3312 321 3375 h.
343 3313 364 3380 l.
387 3334 404 3373 a
427 3316 540 3377 violata
568 3318 639 3378 reli-
676 3338 778 3400 poma
791 3336 904 3376 manat.
937 3307 1107 3387 arbitstum
1121 3327 1197 3389 pou

142 3416 254 3498 ὅῑθῐῑθι
275 3414 434 3497 spectatus·
680 3417 737 3483 test
750 3415 809 3477 elle
826 3416 1030 3501 synonymum
1047 3413 1181 3478 vitium,

189 3534 237 3576 ιο.
274 3538 320 3579 ιι.
359 3516 452 3580 Aliud
480 3517 637 3578 Menalcas
680 3521 837 3601 theorg.
854 3518 894 3591 11,
910 3519 974 3593 416
997 3519 1071 3575 Iam
1089 3515 1183 3571 vine

144 3614 320 3678 Damoetae
355 3617 520 3699 exprobrat
552 3617 640 3703 llagi·
682 3638 737 3682 tae
755 3625 855 3693 vites,
891 3621 960 3681 iam
971 3618 1105 3702 falcem
1126 3636 1183 3673 an-

144 3720 223 3778 tium
253 3719 387 3781 malitiae
416 3723 450 3781 in
468 3721 638 3794 Miconem,
682 3722 957 3806 buslaraponnnt.
991 3722 1183 3781 Nectamen

145 3822 370 3902 corrumpenda
423 3826 488 3884 eius
539 3828 637 3886 vinea.
680 3821 816 3893 necess'e:
840 3847 907 3887 cum
925 3828 1001 3886 vitet
1017 3821 1077 3884 fint
1101 3821 1183 3885 snae

144 3920 244 3997 Tum,
285 3923 394 4000 credo,
433 3923 492 3988 hoe
514 3925 638 4000 factum,
681 3926 902 3991 interarborea
924 3931 1024 4008 iisque
1047 3930 1183 3987 iunctae.

146 4045 215 4085 cum
238 4024 401 4108 Nymphae
424 4029 564 4091 viderunt
589 4051 639 4092 me
728 4051 775 4091 ra.
804 4030 1031 4091 Recriminatur
1051 4025 1120 4096 hic,
1147 4021 1185 4087 fi·

145 4140 203 4184 etc.
265 4125 350 4185 Noto
379 4133 495 4190 ironiae
524 4152 639 4213 genere
680 4132 815 4214 utileque
837 4137 912 4204 eins,
948 4151 1013 4213 quo
1043 4128 1074 4188 le
1103 4128 1185 4208 peti-

146 4224 185 4286 de
205 4225 235 4288 se
254 4227 411 4309 praedicat
429 4229 579 4316 flagitium
600 4235 640 4296 al.
681 4249 747 4296 tum
762 4233 903 4309 videbat,
931 4234 1070 4295 malitiae
1088 4244 1122 4294 et
1137 4232 1186 4290 in·
