2700 4906
316 335 627 429 TERTIAE
665 335 1063 432 EDITIONIS'
1141 347 1200 448 'v,

145 537 206 627 ris
233 531 468 625 editiones
500 530 581 622 ista
607 552 755 623 aetate
781 533 830 621 in
857 564 1023 663 magna
1050 539 1196 635 existi-

146 705 358 792 matione
387 696 692 813 habebantur,
723 720 917 791 curaret:
969 706 1193 802 Ernestius

149 867 392 993 negotium
413 861 530 955 mihi
548 859 838 991 imposuerat:
884 865 1015 956 cuius
1036 893 1191 964 aucto-

150 1034 283 1123 ritate
298 1052 345 1121 et
361 1027 548 1122 confilio
567 1033 713 1123 victus
734 1027 846 1120 illud
864 1030 914 1119 in
934 1062 1010 1122 me
1024 1040 1191 1162 recepi,

151 1197 229 1287 etii
255 1217 359 1287 tum
385 1225 544 1287 recens
571 1191 722 1288 adhuc
747 1196 797 1284 in
822 1192 913 1286 hoc
937 1193 1189 1295 fitterarum

151 1392 357 1490 genere‚.
379 1391 468 1452 nec
499 1357 582 1450 nili
617 1389 766 1484 nuper
793 1356 1054 1454 academico
1085 1399 1188 1458 mu·

151 1528 249 1615 neri
269 1523 509 1643 admotus,·
549 1526 643 1637 cui,
686 1522 856 1617 viribus
884 1530 1089 1651 corporis
1115 1534 1184 1621 in-

149 1691 363 1817 geniique
416 1687 555 1817 longa
592 1685 922 1814 multiplicique
965 1720 1185 1786 aerunma
1312 1788 1314 1793 Α

155 1853 327 1969 fractis,
372 1850 584 1945 nondum
617 1883 780 1978 parem
810 1883 886 1941 me
920 1847 1004 1943 elle
1029 1852 1185 1948 sentie-

150 2019 268 2111 bam.
336 2020 457 2111 Cum
480 2019 544 2108 ita
572 2015 805 2111 voluntate
827 2013 1045 2109 nonsatis
1075 2052 1185 2145 pro-

152 2185 258 2278 cliui
296 2215 396 2275 rem
429 2177 720 2308 suscepillem‚
768 2180 965 2272 studium
998 2216 1185 2312 quoque

151 2381 307 2440 meum
343 2345 668 2443 retundebatur
715 2346 910 2450 iudicio,
958 2349 1086 2472 quod
1124 2351 1185 2477 de

150 2513 227 2605 illo
250 2544 416 2642 genere
439 2535 654 2602 notarum
674 2508 909 2624 fouebam3
938 2516 1105 2603 etenim
1125 2513 1184 2606 ad

151 2677 355 2772 subtilem
392 2674 672 2805 diligentiam
710 2674 821 2767 illud
849 2679 924 2768 vix
959 2675 1185 2769 adducere

152 2843 226 2936 seu
264 2862 668 2936 commentatorem
705 2836 780 2931 seu
811 2838 1026 2931 lectorem
1060 2838 1185 2966 polle
1236 2816 1238 2821 .

152 3008 411 3119 videbatur,
453 3024 719 3098 contentum
748 3025 989 3128 Vtrumque
1018 3007 1074 3094 iis
1106 3036 1183 3097 co-

152 3178 263 3301 piis,
308 3201 426 3296 quae
448 3169 509 3261 ad
533 3201 726 3260 manum·
749 3165 903 3281 ellent,
951 3198 1038 3258 nec
1054 3170 1183 3293 peni-

151 3344 239 3432 tius
256 3341 305 3427 in
319 3358 484 3464 poetae
504 3333 769 3447 doctrinam,
797 3330 1004 3445 studium,
1026 3355 1182 3448 artem,
1267 3446 1273 3454 ‚

154 3501 196 3595 le
223 3502 533 3594 infinuantem.
596 3501 684 3592 Vix
707 3501 859 3623 itaque
882 3528 1000 3623 opus
1022 3494 1183 3627 ingres·
1212 3522 1214 3527 ’

155 3665 244 3783 sus,
280 3665 394 3757 fiad
415 3662 737 3793 praescriptum
759 3661 871 3754 illud
896 3661 1072 3788 exsequi
1091 3661 1184 3754 vel-

154 3831 264 3947 lem,
313 3830 467 3924 taedio
507 3830 694 3923 ferendo
732 3861 807 3921 me
846 3831 1068 3954 imparem
1101 3823 1185 3918 elle

157 3994 278 4112 senfi,
316 4001 563 4125 primoque
594 4016 857 4089 cunctanter
897 4025 1053 4084 meum
1089 3987 1185 4082 sen-

160 4159 247 4253 sum
267 4198 323 4257 ac
352 4163 574 4256 iudicium
600 4159 696 4256 sum
721 4158 954 4290 sequutus,
1000 4153 1185 4247 tandem

698 4344 723 4395 a
747 4345 770 4395 2
