2692 4914
273 320 1056 417 ouo.uorcour1u1v,a22-as1
1136 334 1207 424 741
1277 277 1280 287 ’
1337 304 1341 311 ’

171 507 357 599 Ardebat3
391 511 500 586 coelo
522 530 560 586 et
583 512 749 587 medium
769 512 836 588 Sol
856 518 987 612 igneus
1010 511 1143 612 orbem

168 640 368 732 Hauserat;
402 645 556 718 arebant
575 647 729 738 herbae,
759 666 796 722 et
816 672 909 721 caua
930 645 1084 718 flumina
1103 645 1229 722 Γιοοίεἱ

164 776 352 851 Faucibus
374 778 422 850 ad
449 778 580 861 limum
600 782 694 854 radii
716 780 900 883 tepefacta
921 779 1154 879 coquebant:

150 912 300 1014 ⁴‚Quum
321 914 479 987 Proteus
502 914 677 989 consueta
702 933 834 1015 petens
860 940 882 989 e
903 912 1075 988 fluctibus
1099 932 1205 988 antra

162 1041 268 1145 lbat5
301 1071 388 1120 eum
412 1047 501 1120 vasti
519 1053 661 1123 circum
684 1073 773 1146 gens
796 1048 950 1121 humida
969 1053 1078 1148 ponti
1127 1049 1203 1132 430

160 1175 358 1252 Exsultarrs
382 1207 507 1255 rorem
526 1182 602 1255 late
631 1180 793 1283 disperiit
816 1208 994 1254 amarum.
1090 1246 1093 1254 .
1293 1160 1296 1164 ’

232 1373 285 1438 406
303 1372 436 1426 Ardebat
450 1379 547 1438 caelo,
569 1391 596 1429 et
609 1375 813 1447 distinguebatur
824 1391 885 1428 ante
899 1373 987 1428 Heius.
1007 1373 1064 1435 sed,
1086 1389 1112 1427 rt
1125 1373 1200 1446 saepo

159 1454 284 1520 dictum,
308 1458 382 1512 alteri
402 1461 520 1513 membro
541 1460 580 1514 est
599 1463 797 1523 vindicandum,
819 1461 861 1523 id,
888 1461 960 1532 quod
976 1461 1117 1532 pleniorem
1138 1461 1202 1516 facit

159 1544 330 1607 orationems
370 1545 497 1598 contrusi
517 1547 620 1618 plenius
641 1546 678 1600 est
700 1549 770 1618 prius
790 1545 953 1606 membrum,
986 1547 1095 1600 alterum
1109 1547 1201 1600 debili·

155 1641 234 1681 urur
257 1644 284 1682 et
303 1645 399 1702 torpet.
436 1632 545 1684 medius
560 1633 611 1685 Sol
631 1633 734 1684 zulich.
803 1643 853 1698 427
875 1638 1006 1684 Auxerat
1026 1631 1117 1702 fragm.
1136 1633 1199 1684 Mo·

154 1728 209 1765 ret.
247 1713 593 1769 ardebanrsecfflotund.
661 1717 858 1784 428Foner‘bus
874 1714 978 1768 zulich.
995 1734 1042 1787 pro
1057 1717 1110 1768 diu.
1127 1717 1197 1779 leet„

154 1796 236 1870 quod
251 1814 278 1852 et
295 1802 335 1852 lo.
351 1801 489 1854 Schrader.
505 1803 574 1854 coni.
612 1804 712 1857 Verum
728 1803 837 1855 alterum
851 1802 962 1853 doctius.
1031 1814 1083 1870 429
1096 1817 1200 1869 patens

153 1882 247 1936 Goth.
267 1883 315 1937 sec.
396 1889 448 1953 430
468 1894 546 1939 circa
574 1889 638 1942 alter
659 1890 756 1941 Mores.
847 1888 895 1952 431
918 1883 1046 1955 disperfie
1071 1886 1197 1939 Heinfia

151 1965 286 2021 librorum
309 1969 442 2023 consensu.
479 1972 523 2024 Sic
543 1988 569 2026 et
581 1976 648 2027 Pier.
664 1989 690 2026 et
703 1973 810 2026 Martin.
826 1971 894 2024 libri.
932 1968 1064 2042 desperfit
1078 1990 1117 2043 pr.
1132 1973 1198 2024 Rot-

152 2054 234 2108 tend.
268 2055 406 2127 dypergr'r
419 2055 503 2128 vulgg.
517 2057 576 2111 edd.
592 2076 617 2114 et
630 2075 681 2113 tres
697 2057 776 2112 codd.
791 2057 861 2128 apud
874 2057 963 2109 Heius.
994 2056 1097 2109 Tuetur
1109 2072 1198 2110 tumen

151 2243 232 2282 vum
273 2223 408 2285 calorem
449 2245 509 2305 per
544 2226 657 2284 Sirium
698 2227 795 2286 Titan
815 2256 855 2275 -
879 2224 1037 2303 Hauserit
1054 2223 1200 2303 ecflam«

154 2323 306 2397 declarat,
330 2341 363 2385 vt
382 2342 493 2407 poeta3
523 2329 561 2391 cf.
577 2329 655 2392 Aen.
698 2332 761 2388 mis
782 2329 926 2386 Lernaei
950 2325 1088 2384 brachia
1112 2329 1197 2385 Carr-

151 2416 299 2504 111,143.
328 2430 370 2501 X,
392 2432 463 2508 275.
508 2431 656 2490 Canicula
698 2435 766 2499 cri:
786 2446 818 2492 et
832 2445 865 2489 vt
878 2429 969 2509 saepe
984 2426 1197 2487 exhaurimus

151 2533 253 2602 euim,
292 2529 344 2590 seu
366 2532 465 2604 Sirio,
506 2532 560 2591 sub
587 2532 656 2593 solis
698 2535 820 2594 labores
855 2546 888 2591 et
923 2531 995 2603 alia,
1040 2552 1121 2613 quae
1157 2531 1198 2591 ud

149 2636 319 2691 transitum
349 2639 383 2694 in
411 2637 551 2695 Leonem
585 2650 655 2694 orto
697 2635 791 2696 finem
815 2633 1021 2714 perducimus.
1071 2633 1198 2712 Apuleii

114 2745 119 2757 '
147 2735 330 2818 Aegyptum
353 2751 384 2795 et
406 2737 555 2818 reliquam
576 2736 656 2795 Afri·
696 2738 788 2810 illud,
832 2736 909 2795 Met.
937 2734 993 2805 xl,
1017 2753 1088 2816 pag.
1115 2737 1198 2796 258:

149 2857 211 2897 cae
238 2856 324 2896 oram
346 2819 463 2897 summo
487 2852 518 2897 et
543 2837 656 2898 intole-
696 2835 840 2916 Augusti
883 2849 1018 2917 portum
1065 2836 1198 2893 celerri-

148 2938 246 2999 rabili
267 2935 350 2998 aestu
371 2943 481 3020 premi,
508 2939 575 2999 satis
596 2960 656 2999 no·
697 2961 749 2999 me
797 2938 962 3013 hausimus
1016 2935 1196 2997 subiiciebat

148 3056 240 3120 tum:
262 3045 367 3122 itaque
383 3040 536 3114 ardebat,
558 3042 655 3120 ἔφλε.
696 3041 838 3114 Ruhnk,
877 3041 928 3100 vbi
944 3059 1041 3099 rnunc
1068 3059 1097 3096 v.
1127 3039 1196 3096 Ou-

148 3165 204 3218 γε,
229 3142 332 3202 Sirius
346 3143 483 3227 rapidas
500 3147 544 3222 (vt
558 3145 652 3216 calor,
697 3144 790 3203 dend.
806 3166 837 3225 p.
853 3146 925 3223 809.
970 3142 1104 3200 Orneuit
1117 3138 1194 3200 hoec

148 3241 272 3317 aestus,
302 3245 362 3318 sol,
392 3246 541 3329 rapidus,
571 3248 655 3307 celer
696 3248 805 3317 Maro,
848 3265 928 3327 quae
950 3245 1103 3304 Homerus
1124 3239 1195 3301 fim-

147 3368 190 3408 ec
217 3345 421 3427 vehemens),
464 3365 495 3409 et
525 3364 655 3407 torreas
696 3349 820 3430 pliciter
840 3347 993 3427 posuerat.
1044 3343 1196 3423 408]ῖο-

134 3447 300 3524 ficientes
319 3447 438 3518 Indos,
477 3450 508 3510 h.
527 3449 655 3513 Aethio·
697 3452 744 3508 cis
756 3449 936 3529 faucibus,
972 3447 1075 3508 alueis.
1135 3449 1197 3506 Or·

146 3571 219 3633 pes.
245 3572 274 3613 v.
296 3550 360 3632 sup.
381 3573 409 3611 v.
432 3555 504 3632 295.
536 3555 594 3615 Ge.
612 3552 652 3626 11,
696 3558 760 3612 nari
784 3551 892 3612 versus.
934 3550 969 3610 ci.
994 3550 1087 3608 Ouid.
1116 3551 1196 3610 Met.

152 3656 236 3729 1163
275 3667 306 3712 et
330 3652 383 3711 tali
405 3660 478 3714 anni
501 3671 653 3736 tempore,
696 3654 737 3727 11,
761 3659 832 3717 262.
851 3655 912 3716 263
934 3667 965 3712 et
982 3655 1052 3732 269.
1096 3653 1198 3712 Etiam

146 3753 292 3816 medium
312 3754 375 3814 diei
397 3771 517 3838 tempus
537 3757 655 3817 subiicit
696 3759 771 3834 450.
803 3757 862 3832 431
899 3756 997 3815 multo
1025 3759 1195 3826 ornatiora,

148 3859 252 3918 altero
273 3855 377 3916 versu:
420 3858 512 3919 caelo
532 3875 565 3919 ec
589 3882 655 3919 me·
697 3879 791 3943 quam
832 3857 960 3916 Homeri
1005 3857 1027 3915 l.
1069 3855 1090 3913 l.
1133 3857 1198 3932 448

150 3958 247 4020 dium
281 3958 342 4036 sol
385 3961 501 4040 igneus
543 3961 655 4021 orbem
698 3960 798 4027 Φῶκαι
815 3955 841 4022 δ’
857 3952 986 4036 &faiis
1010 3941 1109 4038 ἦλθον
1128 3951 1198 4018 αἰολ-

149 4059 344 4138 Hauserat,
418 4068 656 4147 peragrauerat',
699 4062 781 4133 λέες.
831 4082 938 4119 rorem
961 4077 1132 4122 amarum,
1166 4070 1199 4115 vt

156 4161 297 4224 emensus
311 4180 385 4227 erat.
406 4167 656 4240 colum.x,513
699 4157 811 4247 πικροῖν
833 4155 906 4230 asic
926 4155 1016 4242 ὄδμῆν
1042 4160 1094 4218 ille
1115 4158 1200 4218 dixe·

198 4265 338 4328 Toul
761 4267 889 4346 Qum
