2692 4914
155 392 161 407 .
199 284 954 414 Gnonerconnrn.r,214..213'
1024 318 1098 431 ἢ
1209 364 1210 367 ,

65 506 270 606 Adcipiunt
287 506 391 598 sulci,
419 525 456 581 et
470 505 573 582 milio
587 513 689 583 venit
703 533 826 580 annua
840 534 947 584 cura:
1115 607 1116 610 Ἴ

67 639 258 713 Candidus
285 643 420 713 auratis
442 645 563 739 aperit
587 668 702 740 quum
729 640 903 715 cornibus
930 672 1069 721 annum

64 776 222 864 Taurus,
252 792 290 847 et
314 772 467 847 aduerso
483 774 620 848 cedens
639 778 747 850 Canis
767 778 906 851 occidit
921 777 1027 852 astro·
1114 813 1134 883 ''.-

149 954 201 1008 216
232 956 387 1022 Accipiunt
409 952 514 1024 Meneg.
546 967 573 1006 et
604 953 644 1006 ed.
677 955 745 1008 Ven.
792 958 944 1022 Acctptear
972 956 1088 1013 Perrhts.

60 1054 115 1106 2¹7
134 1037 200 1089 dum
213 1039 318 1109 Meneg.
337 1057 375 1108 pr.
443 1039 494 1091 ωδ
513 1037 710 1106 Disputationes
729 1039 762 1092 de
780 1038 842 1092 ΒΛ.
864 1040 923 1102 ride
942 1058 984 1114 ep.
1007 1044 1090 1097 Hein-

62 1120 146 1175 fiumr
176 1139 229 1175 tem
249 1141 341 1195 parum
362 1119 493 1194 expeditae
508 1137 533 1175 et
551 1122 696 1194 explicitae,
722 1140 749 1179 vt
771 1143 825 1178 non
844 1124 970 1178 eruditior
987 1125 1029 1180 sed
1048 1129 1089 1181 in·

62 1208 159 1259 certior
172 1208 234 1260 hinc
251 1207 378 1260 discedet.
413 1205 527 1277 Vulgete
545 1205 623 1260 lectio
643 1226 696 1263 eret
713 1209 852 1278 aduerso:
879 1212 1038 1267 conueniunt
1059 1215 1088 1266 in

60 1292 113 1344 hac
127 1292 223 1345 Medic.
237 1308 263 1345 et
276 1293 428 1352 Romanus,
455 1290 612 1344 diuersarum
632 1292 694 1346 eliae
714 1292 837 1347 secretum
852 1293 940 1355 ducet,
968 1315 1028 1349 cum
1043 1297 1088 1352 iit-
1163 1299 1165 1304 '

61 1375 123 1427 dem
145 1377 196 1429 alit.
233 1377 358 1448 Reposuit
381 1377 478 1446 auerso
499 1377 587 1429 Heius.
609 1378 774 1438 Gudianurn,
808 1379 918 1431 Mentel.
939 1396 1085 1454 tuumque,
1142 1406 1145 1412 >
1194 1423 1196 1428 ·

59 1461 235 1530 fragmentum
251 1461 320 1515 Voss‘.
336 1479 363 1515 et
377 1461 499 1514 Seruium
513 1461 647 1533 sequutue:
668 1461 704 1516 fic
719 1479 745 1516 et
757 1463 840 1515 Goth.
855 1462 913 1524 sec„
939 1483 964 1518 et
984 1469 1085 1538 auerso

59 1545 197 1598 incedens
214 1548 311 1600 Medic.
332 1547 416 1600 Pierii.
466 1547 536 1600 Cum
555 1563 642 1601 temen
658 1563 782 1620 perpetue
805 1547 833 1598 in
857 1547 898 1600 hie
923 1551 1029 1605 vocibut
1052 1553 1086 1608 fit

58 1631 200 1700 scripturae
219 1633 339 1685 varietas:
365 1650 396 1684 ex
416 1629 469 1700 ipse
492 1630 617 1693 lectione,
642 1634 759 1704 vtrinque
778 1632 853 1684 bonit
874 1632 952 1685 codd.
974 1637 1084 1701 munite,

59 1715 109 1768 etfi
128 1716 248 1784 aduerso
263 1716 302 1767 vel
322 1714 356 1768 sse
374 1717 500 1768 maiorem
518 1718 699 1770 auctoritatem
719 1714 840 1768 codicum
862 1715 954 1778 hebet,
989 1720 1086 1775 confici

60 1799 238 1854 controuerfie
252 1801 350 1873 nequit.
385 1803 462 1872 Atqui
475 1801 508 1852 ad
526 1801 626 1853 sensum
639 1820 687 1855 nec
701 1801 786 1852 minus
805 1817 910 1869 tneque
925 1801 1003 1855 lectio
1025 1804 1084 1858 satit

61 1886 196 1939 conuenit.
231 1885 260 1938 si
275 1884 372 1954 auerso
387 1883 460 1955 qstm
476 1885 585 1938 retinere
598 1885 682 1945 malit,
700 1882 776 1938 instet
789 1883 870 1937 hebet
884 1883 995 1940 caussa:
1012 1886 1085 1960 quod

108 2058 179 2114 217.
194 2038 264 2098 218.
287 2034 430 2097 Vere-
442 2055 552 2118 quum.
594 2032 777 2096 adscendere
804 2034 922 2095 caelum
939 2049 1015 2096 *tum
1042 2041 1086 2098 vi-

58 2139 193 2200 Ineunte
214 2158 302 2210 vere,
335 2137 398 2198 sole
415 2141 449 2196 in
470 2138 553 2197 Teu·
594 2138 659 2197 deri
678 2134 794 2217 potest3
818 2138 960 2197 cornibus
980 2143 1086 2222 itaque

58 2262 129 2301 rum
153 2236 292 2320 ingreffo.
342 2238 391 2298 Ad
411 2252 552 2318 tempore
593 2254 624 2298 et
652 2243 751 2318 cepite
780 2237 863 2320 quafi
890 2238 977 2299 'nixus
1005 2247 1087 2302 viem

58 2339 246 2422 defignanda
294 2355 406 2419 poetae
449 2354 552 2398 emant
591 2338 647 2399 fibi
682 2340 770 2412 fecit,
822 2361 882 2424 que
917 2337 1016 2419 specie
1051 2344 1087 2402 in

58 2442 191 2504 fiderunt
217 2457 335 2500 motum
365 2462 552 2502 commemo·
593 2439 747 2500 esterisrnie
780 2456 813 2500 et
850 2441 959 2501 tabulis
992 2441 1085 2503 Orbis

57 2566 138 2617 rare,
161 2548 308 2626 quoniam
325 2563 361 2603 ee
377 2548 455 2603 ratio
476 2563 552 2622 poe·
594 2538 725 2601 caelestis
752 2540 887 2602 exhiberi
920 2538 1011 2615 solet,
1053 2557 1087 2605 et

60 2653 156 2708 ticum
210 2661 352 2705 ornatum
410 2645 550 2704 admittit.
593 2643 690 2702 multo
712 2647 807 2723 magis
830 2644 904 2701 olim
934 2642 1085 2704 exhibitur
1151 2675 1152 2679 ,

56 2752 191 2809 Taurus
229 2744 271 2806 est
305 2743 423 2827 [ignum
465 2750 551 2805 verni
591 2743 664 2802 fuit:
705 2742 774 2801 vide
802 2739 970 2801 Fernestam
998 2742 1086 2801 tebu-

56 2854 222 2931 ternporis;
246 2869 316 2907 eum
332 2849 385 2908 Sol
405 2850 457 2908 illo
474 2863 551 2906 tem·
593 2844 654 2902 lam
696 2844 778 2923 epud
823 2844 952 2903 Gorium
994 2840 1084 2902 Thes.

56 2975 137 3036 pore
161 2950 265 3010 adIbet
291 2949 334 3008 lv
353 2951 419 3009 Kal.
444 2952 550 3009 Maias.
595 2948 748 3005 Gemmar.
772 2959 833 3002 ent.
857 2941 974 3012 T.111‚
1009 2945 1087 3000 item

57 3056 142 3115 conf.
163 3055 402 3112 Petennucter.
424 3051 485 3130 Op.
512 3050 551 3108 de
594 3048 676 3127 epud
717 3048 882 3125 Spenciurn
926 3039 1083 3119 Ροζγιηει.

58 3157 158 3216 doctr.
182 3173 276 3233 temp.
299 3150 373 3223 VH,
397 3155 425 3215 5.
469 3154 552 3211 Can·
595 3150 655 3208 tab.
690 3146 804 3207 xxtV.
876 3145 997 3202 Seruius
1035 3139 1086 3204 hie

58 3257 170 3324 didus,
205 3271 354 3336 quatenus
376 3251 471 3313 fidere
495 3253 553 3312 ful·
593 3255 722 3311 nimium
750 3259 865 3329 argute.
916 3245 1013 3301 Canis
1033 3264 1087 3304 ve·

60 3367 166 3444 gentia
204 3353 350 3414 candida
395 3358 552 3428 dicuntur,
594 3373 640 3423 το,
670 3352 780 3421 Sirius,
813 3362 876 3404 tum
897 3343 1010 3404 occidit
1032 3341 1087 3405 he·

56 3464 188 3521 auratis
207 3456 375 3529 comibus,
404 3458 553 3516 rutilanti·
594 3454 685 3523 liece,
728 3448 757 3507 h.
785 3447 970 3519 occultetur,
1011 3466 1088 3507 eon-

58 3564 117 3624 bus
146 3576 275 3641 propter
301 3556 491 3618 lucidiffimes
521 3561 555 3616 in
596 3555 667 3634 sp‘rci
701 3549 830 3630 emplius
872 3567 938 3607 non
969 3543 1087 3627 potest,

59 3668 164 3727 fronte
197 3660 312 3732 stellae,
353 3662 460 3741 aperit
495 3678 554 3715 an·
582 3656 657 3733 ¹sole
684 3657 813 3712 nimium
841 3652 960 3715 vicium
998 3644 1088 3706 cedit

59 3789 150 3839 num,
185 3785 253 3824 cum
275 3767 348 3823 enni
371 3777 489 3841 tempus
510 3758 551 3828 id,
595 3754 732 3833 aduerso
744 3750 830 3828 qsdro
842 3744 1090 3830 fimpliciffinrum

60 3892 125 3953 quo
162 3867 250 3927 tellus
292 3864 423 3925 resolute
462 3860 552 3920 flores
595 3857 638 3919 est
659 3860 797 3937 accipere
822 3857 946 3935 poetice
965 3859 1088 3914 retrone

62 3971 235 4051 herbasque
259 3964 399 4038 effundit,
426 3980 488 4022 tum
508 3966 554 4020 in·
597 3961 635 4018 de
662 3959 747 4018 Cane
768 3956 947 4029 occidente,
987 3975 1091 4036 eoque

62 4081 173 4156 cipiet;
210 4070 259 4131 sed
287 4090 379 4151 quarn
408 4066 555 4126 suauiter!
598 4059 662 4141 ipso
682 4060 810 4142 fugienti
837 4055 923 4116 fimtlt
950 4056 1088 4134 inprimis

61 4180 227 4258 Emergere
274 4168 353 4232 fidus
390 4169 485 4242 Tauri
526 4180 558 4227 et
599 4184 668 4223 cum
697 4178 780 4224 retro
808 4159 918 4221 cedere
951 4156 1090 4216 videatur

106 4282 205 4340 Torr.
227 4275 252 4339 1.
616 4261 680 4324 Nn
