2692 4914
277 319 353 404 648
491 311 812 392 P.v1nG1L11
844 317 1139 400 MAR'ONIS

281 512 325 581 ln
351 498 499 578 stabulis
527 507 630 603 turpi
660 501 800 606 dilapsa
831 508 1040 585 cadauera
1075 510 1193 588 tabo:

282 644 422 717 Donec
435 637 553 709 humo
571 655 708 737 tegere,
728 667 772 716 ac
787 640 915 717 foueis
930 643 1186 722 abscondere
1200 643 1316 722 discunt

284 781 383 852 Nam
399 796 525 872 neque
542 786 622 845 erat
643 780 755 849 coriis
769 772 869 863 vsus;
898 803 980 854 nec
995 779 1145 855 viscera
1158 788 1317 882 quisquan

286 912 362 986 Aut
376 906 482 980 vndis
496 904 650 982 abolere
666 908 797 1010 potest,
822 929 890 982 aut
904 917 1073 990 vincere
1087 916 1249 1006 flamma
1266 916 1315 988 560

288 1048 371 1118 Nec
396 1038 559 1114 tondere
580 1042 734 1141 quidem
758 1043 897 1118 morbo
924 1046 1155 1152 illuuieque
1178 1047 1286 1154 perula

289 1175 458 1264 Vellera,
499 1199 571 1250 nec
592 1177 683 1250 telas
709 1175 858 1277 pellunt
881 1180 1095 1282 adtingere
1119 1190 1246 1287 putris·

368 1352 559 1423 557d01apsa
584 1352 638 1405 duo
662 1355 752 1409 Burm.
804 1358 953 1414 cadauera
992 1367 1100 1420 morbo
1129 1367 1196 1421 alter
1222 1360 1313 1421 nonni

290 1438 391 1495 Eadem
409 1439 516 1490 variatio
535 1439 588 1501 Ge.v
605 1439 651 1501 lv,
675 1443 735 1495 252.
816 1445 867 1496 558
888 1465 926 1498 ac
949 1448 1032 1505 abest
1054 1452 1144 1506 Goth.
1172 1472 1209 1523 pr.
1246 1451 1314 1503 dicat

288 1526 370 1580 idem.
423 1523 534 1595 discant
553 1525 650 1577 Moret.
671 1536 709 1597 pr.
733 1543 792 1597 part
812 1526 874 1581 libb.
897 1533 1018 1588 Martini
1041 1553 1070 1590 et
1089 1538 1179 1610 vulgg.
1196 1537 1250 1592 edd.
1267 1533 1313 1606 apul

293 1612 420 1670 Pierium,
441 1609 512 1679 quod
527 1610 551 1661 ei
566 1610 692 1661 maiorem
709 1610 861 1680 dignitatem
873 1616 979 1672 habere
995 1621 1152 1677 videbatur.
1205 1625 1313 1693 §fioflst

292 1696 445 1752 misssoth.
468 1713 507 1768 pr.
583 1697 630 1749 56ι
648 1697 694 1747 Ne
718 1695 837 1749 condere
863 1703 987 1769 quidem
1009 1707 1118 1761 Medic.
1143 1709 1215 1762 Gud.
1232 1707 1310 1762 aare

289 1803 330 1859 pr.
351 1783 426 1836 Laid.
494 1782 676 1850 ingluuieque
698 1780 751 1836 Erl.
818 1786 925 1839 562120
947 1790 1002 1842 Ed.
1027 1794 1105 1847 lunt.
1157 1799 1225 1848 telas
1242 1794 1312 1846 aar»

292 1888 361 1942 gere
377 1883 473 1937 putrer
497 1864 589 1936 fragm.
609 1867 723 1927 Mutet..
758 1883 812 1919 non
835 1869 953 1927 indocte.
1008 1877 1056 1933 Ita
1082 1881 1163 1934 telae
1181 1881 1258 1935 dictae
1273 1879 1311 1933 lu!

293 2041 427 2103 Extulit
436 2082 445 2111 ,
473 2053 507 2097 et
520 2038 628 2095 Furiis
645 2043 790 2120 commis-
832 2044 893 2103 Sed
926 2049 990 2110 561
1039 2069 1106 2114 nec
1140 2053 1236 2112 lanae
1259 2051 1309 2110 vlu

284 2147 365 2226 sam
383 2142 552 2219 ulciscitur
571 2142 675 2209 iram,
708 2141 738 2202 h.
759 2161 790 2205 et
830 2145 896 2204 vsus
913 2164 995 2223 erat,
1021 2171 1175 2236 corrupta
1187 2156 1307 2239 pellcpet

294 2249 408 2306 emittit
422 2245 535 2313 Furias,
551 2261 631 2322 quae
646 2245 790 2307 vlciscan·
829 2248 933 2310 vlcera
958 2268 992 2312 et
1016 2252 1161 2331 saniem,
1195 2249 1307 2342 quaeest

292 2363 343 2408 tur
362 2351 420 2404 iras
445 2343 518 2403 suar.
831 2349 977 2422 illmties,
997 2375 1067 2417 nec
1085 2373 1187 2419 tutum
1206 2375 1260 2420 erat
1273 2373 1305 2416 eat

335 2447 451 2526 559ad
465 2443 517 2504 fin.
546 2445 662 2506 Vnicus
677 2450 789 2512 modus
830 2451 915 2512 lanas
950 2456 1069 2536 (celas
1096 2482 1117 2522 a
1137 2461 1304 2543 consequtm·

291 2547 423 2611 restabat
476 2543 631 2626 pestilenti
676 2552 788 2614 morbo
831 2556 970 2635 appellat
993 2560 1162 2645 doctius),
1191 2560 1304 2645 pestilenti

283 2651 438 2715 ¹medendi
453 2651 551 2733 (isque
567 2655 658 2711 etiarn
669 2652 788 2716 nostro-
829 2660 1001 2737 putredine
1039 2669 1192 2740 infectas,
1232 2666 1303 2724 attit-

290 2778 359 2817 rum
384 2755 555 2834 sapientum
581 2754 694 2815 iudicio
721 2761 787 2816 vni·
826 2779 915 2836 gere.
979 2766 1097 2846 Quid?
1136 2769 1218 2854 quod
1241 2766 1302 2833 adiu

290 2881 360 2932 cus,
390 2856 526 2940 quisatis
544 2852 649 2916 efficax
668 2856 726 2938 fit),
753 2875 787 2919 vt
827 2864 891 2924 565
935 2860 961 2923 fi
990 2874 1067 2950 quis
1091 2892 1110 2932 e
1136 2874 1204 2932 lana
1223 2864 1303 2929 testem

288 2977 368 3023 tacta
389 2960 538 3019 cadauera
561 2980 598 3019 ex
621 2961 785 3041 conspectu
827 2963 1020 3043 confecerat,
1045 2970 1301 3048 amterminum,

289 3061 451 3123 hominum
482 3062 691 3134 auferrentur,
748 3078 787 3122 ve
829 3086 907 3148 quos
929 3068 1145 3151 abhorreres,
1185 3074 1299 3158 upplun

291 3163 392 3222 humo
436 3177 633 3240 tegerentur.
700 3163 786 3225 Nihil
828 3188 959 3251 eamque
1007 3176 1180 3253 induerat,
1225 3195 1300 3260 popl·

291 3269 376 3325 enim
397 3285 433 3323 ex
455 3278 521 3323 toto
545 3268 701 3327 animante
721 3266 784 3326 vsui
826 3270 884 3338 Iis,
919 3271 1076 3352 pustulis,
1116 3279 1300 3343 exanthemat-

288 3366 379 3425 alicui
392 3364 538 3424 inseruire
552 3381 685 3444 poterat.
723 3369 783 3428 Co·
825 3369 899 3444 bus,
941 3375 1169 3460 carbunculis,
1209 3380 1298 3445 rudenti

286 3469 414 3525 riorum
437 3465 538 3524 nullus
560 3484 624 3527 erat
645 3469 726 3544 usus,
758 3469 782 3532 fi
824 3472 906 3533 sanie
927 3482 1151 3560 tumentibus,
1171 3504 1201 3549 et
1213 3483 1298 3547 [oculu

287 3573 373 3650 quis,
415 3567 448 3626 id
472 3568 559 3648 quod
580 3569 709 3632 teutaffe
736 3577 781 3633 vi·
813 3574 961 3652 fiadora,
1008 3601 1047 3641 ac
1072 3583 1168 3648 breui
1192 3603 1298 3669 temporo

287 3670 411 3742 dentur,
439 3689 475 3729 ea
499 3668 640 3751 deripere
664 3690 695 3733 et
715 3697 782 3736 cor·
822 3676 890 3759 post
911 3682 975 3742 565
989 3684 1103 3758 sacro
1126 3693 1199 3769 igni
1218 3707 1299 3769 corpu

284 3794 361 3854 pora
383 3776 419 3831 iis
440 3772 558 3833 nudare
579 3779 614 3834 in
643 3780 780 3838 animum
821 3778 1033 3845 infestabatur.
1078 3789 1137 3852 Est
1156 3810 1248 3855 autem
1258 3791 1299 3869 su·

283 3879 468 3957 induxerat3
515 3897 631 3934 carnes
659 3894 779 3953 autem,
821 3903 876 3940 cer
897 3884 996 3960 ignis,
1018 3889 1060 3951 de
1084 3915 1154 3976 quo
1170 3891 1298 3958 Colunl.

283 3975 314 4039 h.
332 4001 359 4039 e.
376 3997 521 4058 corpora,
544 3981 721 4060 quomodo,
744 3987 779 4043 in
821 4004 846 4044 c.
861 3985 930 4059 Vll,
947 3990 978 4061 5,
1000 3995 1052 4055 16.
1071 3996 1231 4060 Laudatur
1240 4013 1298 4080 quo·

280 4097 366 4143 tama
389 4087 489 4161 copia,
517 4096 570 4139 aut
584 4102 693 4163 aqua,
724 4100 777 4144 aut
818 4107 879 4168 que
898 4087 1025 4154 Lucret.
1048 4096 1108 4175 VI,
1136 4104 1225 4166 1165.
1243 4092 1297 4157 ihil

276 4185 349 4263 igm·
398 4185 534 4249 consumi
584 4182 774 4265 potuiffeut?
816 4191 890 4267 660,
919 4193 1115 4282 erysipelaus
1144 4188 1297 4293 φλιγρνῖ*
