2692 4914
239 308 1027 418 ononoroon'trr.ituree-440
1101 334 1177 434 629

144 518 297 595 Arduus
319 517 368 592 od
388 518 501 595 solem
522 531 560 593 et
580 515 713 616 linguis
732 517 845 588 micat
860 539 926 587 ora
944 516 1109 595 trisulcis.
1206 588 1209 594 .

220 652 444 729 Morborum
476 656 631 756 quoque
659 667 698 725 te
726 643 863 724 cauffas
902 667 940 724 et
974 649 1073 761 signa
1110 657 1178 733 do.

811 781 925 858 cebo.
1003 811 1005 813 >
1102 796 1181 878 440

144 998 224 1073 quafi
242 1018 259 1054 ι
276 994 400 1071 scriptore
417 988 539 1051 historin
557 989 682 1051 neturelis
701 995 746 1069 qui
767 997 800 1051 de
817 997 921 1052 incenit
934 996 1104 1072 pronuntiare
1121 1023 1179 1061 non

146 1085 261 1148 audeat,
288 1100 383 1137 aut-
396 1099 453 1136 aur.
493 1083 562 1136 Setis
576 1099 630 1137 eret
648 1080 740 1136 efferre
759 1082 822 1138 iste:
855 1103 934 1138 noua
951 1084 1179 1157 peJIeirrdutum

146 1171 295 1243 serpentem
321 1187 382 1223 curn
407 1170 520 1221 maxime
540 1169 578 1220 ire
602 1163 746 1222 tumentem
764 1170 868 1223 [neuim.
903 1170 963 1225 Nec
984 1170 1059 1242 plure
1076 1194 1179 1229 merno-

146 1273 243 1311 rentur
259 1256 287 1308 in
307 1255 389 1308 altero
408 1253 469 1307 loco
493 1256 557 1307 Aen.
574 1255 607 1315 11,
623 1255 673 1322 473
687 1257 785 1321 -475
830 1257 972 1325 Qualis-
985 1275 1060 1310 nunc
1079 1259 1178 1332 pofirte

150 1361 247 1397 nouus
275 1349 386 1393 exuuiis
412 1339 577 1409 nitidusque
605 1347 721 1391 iuuenta
741 1339 864 1394 Lubrica
895 1343 1041 1396 conuolair
1055 1345 1177 1415 sublato

146 1421 267 1500 pectore
289 1443 370 1498 terga
386 1426 503 1478 Arduus
525 1426 565 1477 od
580 1423 690 1493 solem,
718 1439 744 1477 et
757 1428 863 1497 linguis
880 1434 967 1480 micat
981 1445 1030 1480 oro
1047 1432 1177 1502 trisulcis.

146 1516 249 1589 Neque
266 1509 548 1585 rp.Nicnndr.31Iq.
579 1528 657 1582 quem
677 1509 764 1565 noster
781 1529 841 1565 rnre
861 1511 952 1565 oculor
972 1511 1073 1579 hebuit,
1096 1536 1180 1573 ennu-
1277 1521 1282 1532 '

147 1616 287 1655 merentur
305 1599 387 1660 haec,
413 1611 462 1649 aur
482 1596 591 1648 catulos
611 1611 661 1648 aut
680 1614 744 1648 ouo.
794 1596 948 1669 Suspieeber
974 1597 1064 1672 itaque
1089 1604 1143 1655 duo
1162 1623 1180 1660 ι

144 1701 232 1759 poete
252 1685 315 1757 poni
336 1699 472 1753 temporo,
498 1679 592 1752 quibus
613 1679 715 1752 serpent
734 1679 806 1734 Iuriir
826 1683 938 1735 menime
951 1684 1097 1749 exardescit,
1113 1689 1196 1760 pelle·

146 1787 255 1826 mutare
269 1785 294 1823 et
309 1788 323 1822 e
337 1768 491 1842 puerperio:
510 1766 671 1838 rescriptum
684 1765 746 1819 ess'et
762 1766 795 1820 ab
806 1786 856 1819 eo:
879 1768 1077 1839 Quum-peficit
1089 1791 1181 1828 nouus

148 1854 266 1911 eduuiis
287 1851 586 1923 nitidusque·1uuenta
610 1849 754 1914 Intuitur,
793 1867 843 1904 aut
865 1854 973 1906 catulos
993 1865 1072 1910 tectis
1094 1874 1181 1932 aeque

149 1961 213 1998 oua
235 1938 396 2010 relinquens
416 1937 534 1991 Arduus
561 1938 601 1990 ad
618 1936 714 2009 solem
734 1941 840 2009 linguis
863 1946 950 1990 mictu
968 1957 1022 1993 ora
1048 1945 1179 2014 trisulcis.

146 2029 250 2100 43901
270 2023 340 2078 abest
360 2042 375 2077 e
393 2023 466 2076 Leid.
481 2022 591 2076 etToll.
627 2041 676 2076 ore
693 2022 746 2074 Eri.
782 2022 855 2076 Idem
874 2022 958 2080 versuo
978 2027 1043 2080 Aen.
1064 2029 1098 2091 II,
1119 2032 1180 2101 475.

144 2122 205 2183 440
226 2109 342 2183 eauffar.
385 2109 454 2162 Cum
468 2108 621 2160 morborum
641 2105 738 2162 ceuffee
758 2123 905 2179 poerenon
919 2110 1054 2182 expediet,
1080 2112 1124 2169 sed
1142 2135 1181 2172 re·
1243 2156 1246 2164 -

146 2197 259 2256 mediet
284 2197 324 2250 lo.
338 2193 475 2248 Schrader.
495 2191 625 2257 emender,
645 2211 733 2247 curos.
767 2192 992 2250 Nimieseuerein
1007 2214 1093 2270 poete.

147 2387 279 2444 temen,
308 2369 394 2452 quod
411 2363 512 2428 Cerdo
534 2381 567 2428 et
587 2366 648 2441 elii,
689 2387 774 2429 none
793 2365 971 2436 Schneider.
990 2366 1184 2457 Phyfiologie

150 2495 219 2539 oue
233 2487 285 2533 eut
299 2473 414 2533 catulos
429 2475 490 2530 inm
510 2473 577 2530 ouie
599 2489 650 2529 ex·
691 2468 872 2550 amphibior.
940 2473 1103 2554 specimen
1150 2475 1183 2550 I,

150 2575 264 2640 clusos.
303 2575 448 2634 Ceterum
460 2568 580 2633 neceffe
596 2567 649 2646 est,
690 2574 894 2655 peg.12.13.
942 2575 1016 2653 459.
1035 2575 1184 2637 Commu.

147 2678 323 2743 fecundum
351 2684 479 2758 poetam
502 2670 649 2746 nostrum,
690 2679 773 2736 niori
795 2678 913 2735 ratione
930 2677 1033 2735 micat
1056 2677 1183 2757 lingua,

148 2796 191 2844 vt
216 2780 328 2842 eodem
355 2792 497 2858 ternpore
527 2775 650 2856 serpens
694 2777 767 2836 dum
791 2777 931 2837 celeriter
950 2792 1111 2853 mouetur,
1140 2782 1186 2838 vi·

151 2897 191 2947 et
225 2879 339 2963 pellem
368 2895 459 2941 exuet
493 2894 526 2941 et
552 2881 651 2960 periet
692 2879 816 2950 bretun
862 2878 998 2952 doctius,
1044 2880 1185 2963 serpens

152 3004 221 3048 oue
267 2997 320 3042 out
363 2983 479 3043 catulos
523 2983 650 3042 educet:
693 2983 795 3039 micat
808 2961 929 3059 linguis
942 2984 976 3042 in
992 3001 1058 3042 ore.
1101 2984 1184 3043 Tum

152 3106 240 3173 quee
253 3104 294 3144 un
312 3105 384 3146 vere
405 3091 447 3145 ita
461 3084 490 3152 se
504 3083 651 3157 habeant,
693 3082 819 3144 arduus
847 3083 895 3142 ad
905 3083 1039 3160 (solem,
1066 3099 1184 3145 erectus

150 3209 226 3254 non
247 3192 380 3269 reperio.
423 3190 587 3268 Serpentes
608 3185 653 3247 Ie-
695 3187 734 3247 ud
750 3187 879 3262 caelum,
899 3186 952 3248 sed
970 3208 1040 3253 cum
1058 3186 1184 3264 dilectu,

153 3308 225 3357 turn
248 3311 321 3352 vere
345 3307 529 3373 conceptum
548 3287 652 3350 mense
694 3289 733 3349 ud
758 3288 870 3365 solem,
910 3292 993 3349 cuiue
1015 3290 1116 3351 calore
1137 3311 1188 3352 re·

150 3392 295 3478 Angusto
315 3394 426 3468 edere,
455 3391 584 3474 spolium
600 3412 654 3451 ru·
696 3408 824 3452 creetur.
872 3390 1016 3451 Iunctum
1036 3389 1094 3453 est:
1115 3393 1187 3453 ool-

154 3512 224 3560 tem
238 3494 339 3557 hieme
354 3494 496 3577 depulsa,
525 3514 585 3576 que
600 3491 653 3553 sub
695 3496 786 3552 uitur
806 3491 836 3555 h.
853 3514 879 3557 e.
900 3494 998 3555 voluit
1012 3492 1053 3571 se,
1081 3511 1114 3555 et
1128 3499 1189 3555 mi·

111 3578 117 3583 ⁸
154 3597 256 3663 Immo
270 3599 433 3671 latuerunt,
453 3596 655 3657 incalescente
697 3610 752 3654 eae
773 3594 907 3656 arduus.
935 3630 979 3643 —
1040 3604 1115 3675 440.
1135 3599 1187 3659 De

107 3758 112 3765 .
155 3700 244 3776 Iole,
284 3701 440 3761 interdum
480 3714 585 3760 temen
624 3714 655 3759 et
696 3696 812 3758 morbis
839 3704 945 3759 ouium
971 3697 1009 3759 cf.
1030 3697 1130 3758 Varro
1149 3699 1188 3762 R.

149 3784 330 3866 'ructumno
367 3822 496 3876 exuere,
537 3822 656 3863 memo-
696 3800 735 3861 R.
758 3800 797 3873 11,
824 3821 851 3873 r,
881 3822 918 3862 21
935 3799 977 3884 sq.
1022 3797 1189 3858 Animad·

156 3921 272 3970 rentur
291 3904 330 3965 eb
352 3901 473 3965 Ariston
495 3906 534 3967 H.
552 3907 654 3965 AnIm.
695 3900 909 3971 uertendum,
960 3922 1046 3985 quae
1082 3905 1188 3961 euius·

157 4007 215 4073 lib.
229 4008 270 4080 V,
287 4023 360 4068 extr.
381 4007 466 4080 VIII,
487 4008 588 4081 15,nt
607 4027 655 4088 17.
697 4027 761 4090 que
797 4003 905 4065 morbi
935 4001 1007 4081 sent
1045 4002 1188 4083 eauffae,

159 4116 217 4198 qni
236 4110 324 4171 locus
346 4111 386 4171 de
400 4113 581 4171 vernatione
598 4108 657 4169 ser·
698 4128 847 4191 quaeque
854 4108 954 4187 signa
969 4125 1080 4164 aarum
1096 4103 1188 4184 caus·

157 4229 294 4299 pentum
315 4209 359 4276 est
380 4209 520 4274 dafficus.
574 4210 657 4272 Vide
687 4211 807 4291 sarum
818 4207 901 4291 fior,
927 4222 962 4269 et
977 4227 1063 4291 quae
1077 4227 1188 4290 quem·
