2692 4914
92 343 141 442 98
303 337 346 410 P.
370 308 617 414 v1no1'm1
651 331 912 412 innotus

94 527 241 613 quillitas
264 521 463 591 videreta&
469 522 559 599 satis
572 521 743 583 commode
757 525 917 603 Wrgilins
932 523 1021 581 lrnne
1040 533 1127 584 tam·

96 655 196 721 qnam
215 629 366 712 sundnm
382 631 453 707 sni·
470 630 626 688 carminis
645 631 766 711 faeere
787 633 915 713 potnit,
961 643 999 687 vt
1021 648 1065 684 ex
1085 647 1126 684 eo

95 757 258 822 tempore,
297 758 405 795 rerum
426 737 573 816 fortuna
603 738 640 793 in
661 737 776 794 melius
797 751 944 808 mutata,
986 751 1128 791 auream

96 860 243 908 aetatem
266 842 329 923 effe
358 841 563 918 reuersurum
587 841 728 916 diceret,
770 863 907 925 eamque
919 840 1128 917 sententiam

17 1014 21 1023 ,
95 955 138 1014 iit
159 950 307 1011 omnibus
329 963 523 1024 exornaret,
551 970 637 1030 quae
651 971 675 1007 a
690 951 799 1026 poetis
819 947 861 1007 de
871 947 1042 1027 felicitate
1056 946 1128 1002 eins

97 1059 220 1119 aetatis
240 1057 489 1115 commemorari
507 1054 630 1131 solent.
681 1055 739 1114 An
765 1054 1032 1114 Saturnaliornrn
1056 1048 1127 1108 dies

97 1167 186 1224 inter
201 1181 242 1220 ea
255 1159 533 1233 commemorandi
543 1160 625 1236 sint,
648 1141 765 1243 quilius
777 1175 880 1241 poeta
894 1162 930 1218 in
944 1178 1013 1216 rern
1024 1157 1128 1233 snam

96 1271 172 1347 offas
187 1266 252 1341 sit,
283 1265 398 1348 paullo
425 1267 555 1343 longius
578 1271 686 1347 petita
706 1265 750 1344 est
770 1270 968 1326 coniectura.
1033 1264 1129 1322 Haeo

99 1371 250 1458 quidem,
291 1391 491 1453 quamquam
520 1370 767 1450 difficultatibus
793 1393 835 1430 ea
861 1370 936 1447 snis
971 1367 1128 1426 laborare

97 1501 165 1539 non
187 1482 323 1557 ignoro,
348 1480 438 1535 inter
458 1478 529 1536 alia
548 1500 671 1559 parurn
686 1475 881 1559 probanda,
915 1475 1042 1553 saltem
1063 1473 1127 1530 ali-

100 1606 167 1669 qua
189 1606 264 1644 enm
282 1584 355 1642 veri
368 1583 482 1662 speeie
503 1581 571 1642 dici
590 1583 755 1643 videntur.
811 1588 852 1644 In
875 1578 1126 1659 difficultatibus

98 1706 210 1751 tamen
230 1689 274 1768 est
295 1691 444 1771 inprimis
466 1689 568 1757 ltaee,
602 1689 692 1772 quod
708 1710 794 1771 puer
809 1711 850 1747 ex
868 1691 1010 1747 Oceania
1020 1686 1128 1762 susci·

94 1795 251 1878 piendns,
273 1816 340 1854 non
362 1815 404 1852 ex
425 1816 511 1854 nouo
523 1793 592 1872 sed
610 1816 652 1853 ex
665 1793 804 1876 pristino
820 1796 1032 1852 matrimonio
1052 1804 1127 1850 erat

98 1903 291 1978 nasciturus.
325 1902 367 1979 cf.
388 1901 504 1962 Vitam
527 1902 663 1978 Virgilii
682 1901 730 1960 ad
746 1923 777 1960 a.
794 1910 858 1980 714
884 1915 1067 1969 exeuntem,
1088 1910 1129 1956 vt

97 2005 183 2066 adeo
200 2027 267 2063 non
283 2021 457 2085 appareat,
486 2023 613 2087 quanta
621 1990 702 2087 spes
716 2028 758 2065 ex
775 2006 873 2064 liuius
889 2009 989 2087 pueri
1005 2004 1128 2062 natali·

95 2110 156 2170 bns
163 2109 205 2167 de
209 2111 380 2187 felicitate
389 2111 524 2190 publica
532 2115 660 2193 concipi
669 2116 818 2194 potnerit
826 2135 838 2182 ;
854 2116 963 2170 rnaior
973 2125 1047 2168 erat
1045 2110 1129 2190 spes

96 2235 139 2274 ox
151 2215 310 2273 Octauiae
320 2215 514 2296 prudentia,
525 2215 559 2291 fi
570 2218 756 2277 Antonium
771 2221 807 2276 in
823 2216 929 2297 officio
945 2221 1117 2277 retineret.

179 2340 294 2400 Aliam
321 2362 464 2420 magnae
493 2348 733 2425 expectationis
755 2346 881 2427 prolem
907 2343 1016 2404 eidem
1036 2363 1130 2401 anno

93 2441 251 2524 affignari
265 2445 357 2527 poffe
374 2447 532 2507 viderunt
551 2450 613 2507 alii
632 2453 699 2509 viri
722 2450 832 2518 docti,
853 2452 954 2533 inque
972 2450 1024 2508 liis
1041 2451 1132 2508 Nau·

95 2551 184 2623 zeus)
216 2552 335 2628 (Mem.
353 2552 393 2612 de
406 2554 521 2613 l'Acad.
547 2554 600 2614 des
622 2555 755 2637 Inscript.
790 2559 878 2618 Torn.
897 2557 1058 2638 XXXI),
1095 2566 1131 2612 et

92 2657 162 2714 iarn
191 2669 272 2713 ante
302 2677 377 2714 enm
415 2661 469 2718 vir
504 2660 621 2719 doctus
651 2663 816 2739 (Boulacre
845 2665 881 2720 in
907 2659 1147 2742 Bibliothequo‘

71 2760 252 2838 'Franeoise
278 2762 367 2821 Tam.
381 2766 539 2838 XXVIII,
556 2788 591 2846 p.
609 2771 684 2846 245,
716 2789 795 2826 acce
819 2783 845 2827 tt
867 2788 999 2850 quoqne
1021 2785 1131 2846 nuper

90 2866 174 2927 Sam.
202 2866 341 2950 Henley,
381 2871 436 2927 vir
462 2871 622 2947 elegantis
650 2875 796 2950 ingenii,
843 2877 880 2932 in
906 2874 1019 2933 libello
1049 2893 1132 2932 mon

92 2972 426 3056 commemorando),
467 2997 509 3033 ex
537 2980 661 3057 nuptiis
686 2981 865 3038 Octauiani
892 3000 966 3038 curn
998 2978 1132 3039 Scribo·

89 3078 167 3146 nia,
207 3097 347 3154 quacum
375 3095 486 3137 tamen
514 3104 604 3141 anno
628 3084 793 3165 sequente
814 3084 1000 3144 diuortium
1023 3085 1130 3162 fecit,

80 3176 238 3256 fitfi'epta
253 3202 296 3237 en
316 3201 358 3238 ea
372 3185 468 3245 Iulia.
509 3189 665 3245 Duxerat
685 3210 760 3246 earn
776 3191 898 3266 Caesar
915 3194 1014 3249 initio
1032 3193 1131 3262 anni,

91 3299 157 3358 qno
179 3282 287 3340 Pollio
315 3286 384 3359 Coſs
407 3302 499 3354 erat,
533 3289 671 3374 eamque
682 3294 750 3370 snb
771 3298 855 3352 anni
874 3300 1022 3363 exitum,
1063 3317 1130 3378 quo

85 3401 156 3460 pan
175 3384 373 3459 Brundisina
392 3392 496 3468 saeta
516 3393 577 3468 est,
612 3402 729 3476 partui
746 3402 893 3458 vicinam
914 3402 1040 3481 sniffe,
1087 3422 1131 3459 ex

64 3504 128 3584 '0⁰
163 3488 378 3564 Wlelllgimb
416 3494 507 3570 quod
539 3501 626 3558 Iulia
649 3504 717 3578 snb
747 3509 832 3564 anni
850 3507 1028 3588 sequentis
1066 3510 1150 3567 int>

88 3592 171 3649 δίψη
203 3607 287 3648 nata
320 3592 372 3667 est.
442 3599 523 3657 Cnrn
556 3608 593 3661 in
629 3615 859 3687 expectatione
895 3613 975 3692 effet
1008 3617 1131 3698 Roma,

87 3710 187 3771 qnam
218 3697 348 3771 prolem
379 3699 550 3763 Scribonia
580 3712 713 3771 editura
740 3716 835 3795 effet,
882 3723 1007 3800 quippe
1040 3739 1133 3786 vxor:

22 3833 24 3839 ’
86 3795 251 3868 Cafffafls,
272 3802 327 3856 III
354 3805 421 3859 viri
448 3809 517 3867 iarn
544 3829 615 3873 turn
641 3820 761 3901 Lepidi
784 3838 819 3880 et
847 3824 997 3883 Antonii
1027 3847 1132 3906 prae·

85 3899 228 3957 valent&
248 3904 381 3980 opibus,
399 3918 509 3983 potuit
527 3919 689 3998 Virgilius
698 3929 815 4005 silium
837 3935 985 3990 ominari
1006 3926 1041 3990 et
1062 3955 1133 3992 mo-

84 4002 201 4062 liorem
221 4006 301 4063 inde
320 4031 430 4071 rernm
451 4021 674 4088 conditionem
694 4040 880 4111 angnrari;
919 4038 978 4114 etfi
997 4038 1043 4098 de
1055 4039 1133 4099 An·

80 4106 172 4180 gusto
196 4131 306 4170 rernm
329 4115 462 4179 domino
480 4130 627 4192 nondum
650 4138 707 4198 illo

727 4161 819 4201 anno
844 4148 1025 4228 qnisquam
1039 4150 1133 4225 cogi-

83 4221 156 4265 tare
175 4233 319 4291 poterat.
