2692 4914
252 331 594 405 enonntcon
620 333 720 444 mn.
740 277 1026 430 tuin-‘tao
1099 330 1174 429 493

148 522 298 616 Frigora
319 544 390 592 nec
412 537 556 591 tantum
575 543 667 594 cana
693 538 869 594 concreta
886 525 1031 620 pruina,

148 654 223 724 Aut
248 658 368 751 grauis
403 652 623 728 incumbens
654 652 809 756 scopulis
842 654 1029 729 arentibus
1052 649 1176 744 aestas,
1257 736 1262 754 Ι

148 789 343 881 Quantum
364 787 418 860 illi
439 793 605 863 nocuere
627 775 773 889 greges,
810 789 970 891 durique
991 813 1178 864 venenum

146 921 300 1013 Dentis,
337 941 374 997 et
400 922 569 997 admorso
594 921 730 1022 [ignata
760 928 800 996 in
830 921 938 1026 stirpe
962 928 1127 1000 cicatrix.

147 1058 237 1129 Non
269 1055 379 1130 aliam
407 1057 458 1130 ob
496 1057 644 1159 culpam
677 1057 830 1136 Baccha
858 1083 971 1161 caper
1004 1056 1177 1134 omnibui

769 1196 841 1266 atis
1103 1192 1178 1265 380

146 1370 235 1442 poetis
246 1369 371 1428 desertam
383 1374 517 1436 ridemus,
538 1388 565 1427 vt
577 1374 661 1428 oratio
673 1371 705 1428 fit
718 1392 733 1427 a
746 1374 843 1446 vulgari
855 1372 987 1428 recedent.
1055 1375 1105 1446 377
1117 1374 1179 1429 ier·

148 1456 193 1508 his
217 1460 359 1512 arentibus
379 1461 462 1515 Goth.
482 1458 530 1513 sec.
547 1477 563 1511 e
581 1479 616 1513 m.
639 1480 677 1530 pr.
747 1454 912 1513 ardentibus
925 1460 1013 1512 Frena.
1034 1474 1061 1514 et
1080 1461 1179 1516 Canta·

148 1539 215 1612 brig.
235 1561 295 1596 cum
307 1545 360 1596 Eri.
397 1540 489 1618 aelius
503 1544 600 1598 Medic.
615 1545 693 1599 Pierii
715 1561 741 1600 et
759 1545 875 1599 Parthas.
889 1544 980 1598 Meed.
994 1564 1058 1599 vous
1072 1562 1097 1600 et
1112 1548 1176 1620 fleg.

146 1626 200 1680 Ed.
216 1628 284 1681 Ven.
352 1632 402 1701 379
420 1633 450 1683 In
466 1630 598 1700 admorso
618 1649 712 1702 magna
732 1632 855 1691 varietas,
877 1648 944 1704 quta
957 1630 1025 1683 forte
1038 1631 1176 1686 Gramma-

149 1713 209 1766 ticis
229 1711 351 1776 debetur,
380 1717 424 1787 qui
444 1717 530 1788 generi
549 1719 599 1773 τοῦ
615 1714 711 1787 stirpe
728 1715 862 1769 timebant.
897 1715 951 1768 Sed
969 1715 1021 1767 vid.
1038 1719 1102 1770 Aen.
1117 1719 1177 1780 ΧΠ,

148 1799 211 1851 208.
246 1799 379 1870 admorsu
400 1802 534 1855 Romanus
554 1802 640 1855 Pierii.
682 1801 726 1856 Sic
745 1818 770 1855 et
790 1800 867 1854 Pierii
887 1796 1022 1853 Mediceus
1046 1821 1061 1855 e
1081 1822 1117 1856 m.
1138 1823 1178 1875 pr.
1257 1832 1259 1836 >

109 1915 116 1925 ·
147 1882 287 1938 Mediceue
308 1887 425 1958 Fogginii
443 1908 461 1941 a
481 1885 589 1956 morso,
613 1903 742 1941 mutatum
761 1887 789 1939 in
813 1906 832 1937 a
850 1885 949 1955 morsu.
985 1885 1028 1956 Sic
1042 1903 1068 1940 et
1081 1888 1108 1940 in
1122 1889 1179 1943 aliie

147 1968 251 2023 Pierius
280 1988 313 2023 ex
345 1972 476 2042 admorso
507 1972 605 2026 erasum
635 1971 685 2024 effe
712 1971 733 2024 d
759 1986 804 2025 tut
826 1970 924 2024 ianam
949 1987 968 2022 a
989 1970 1081 2041 morsu
1104 1973 1177 2028 vidit.

148 2054 253 2111 Eidem
271 2057 377 2112 serietas
398 2057 469 2128 apud
484 2056 572 2112 Heius.
594 2073 620 2111 et
633 2060 720 2112 Burm
743 2056 874 2127 admorso
881 2093 890 2118 ,
910 2056 1035 2126 amorso,
1055 2059 1176 2129 nmorstt.

149 2140 329 2197 librariorum
348 2159 376 2196 et
389 2143 627 2197 Grammaticorum
648 2142 767 2198 ludibria.
846 2143 897 2197 380
916 2142 952 2194 ob
974 2141 1096 2215 cauffem
1113 2157 1179 2199 vnut

147 2226 274 2280 Arundel.
296 2244 322 2281 et
341 2228 430 2281 Schol.
451 2229 526 2284 Statii
540 2227 626 2282 Theb.
644 2229 748 2305 V·,²⁵9·
789 2228 897 2281 Bacchi
917 2227 1049 2291 Parthas„
1074 2228 1177 2286 vtstntt
1225 2275 1230 2286 .

149 2314 275 2366 omnibus
295 2314 345 2367 trie
358 2315 470 2377 Bacchi,
500 2314 533 2367 de
547 2313 641 2387 quibus
655 2313 715 2369 [tue
735 2311 794 2367 solit
815 2312 853 2368 est
870 2312 1059 2401 accipiendum.

149 2469 248 2541 dunt,
278 2489 361 2529 noua
384 2486 541 2552 tamquam
560 2484 649 2550 petu-
689 2461 755 2529 tum
789 2470 869 2553 gelu.
953 2473 1027 2552 377.
1062 2464 1178 2551 grauis

151 2572 270 2633 lantino
299 2587 331 2631 et
358 2575 488 2638 iniuriae
516 2577 647 2635 notione
688 2570 808 2649 ηομ,
853 2569 994 2645 molesta,
1045 2574 1177 2640 exitiosa.

153 2673 319 2767 adiuncta,
345 2689 378 2732 vt
400 2674 563 2756 Georg.1,
588 2676 643 2757 t81
678 2675 813 2757 scopuli
858 2688 1007 2742 arentes,
1067 2676 1190 2765 quibut'

157 2777 244 2835 Tum
269 2777 387 2834 variae
416 2775 561 2835 illudunt
591 2798 648 2857 pe·
689 2776 781 2837 aestas
805 2775 983 2845 incumbit,
1025 2774 1055 2836 h.
1078 2798 1105 2838 e.
1134 2775 1179 2840 soi

142 2879 226 2958 flas.
267 2879 307 2938 Et
326 2880 530 2964 comminiter
552 2883 648 2960 capris
690 2875 819 2938 effiduus
862 2893 964 2939 cautes
999 2879 1181 2939 excanden-

150 2980 298 3041 tribuitur
309 2978 432 3040 ‚lasciuia
438 3022 449 3052 ,
470 2981 647 3060 petulantia.
689 2985 783 3055 ciens,
806 2979 1037 3041 accommodate
1056 2976 1118 3040 hoc
1133 2981 1181 3042 lo·

150 3083 337 3165 pascuntur
351 3101 439 3148 oues,
460 3086 562 3154 etiam,
579 3103 648 3141 cum
690 3104 727 3144 co
743 3097 961 3156 memorantur,
986 3102 1056 3141 curn
1077 3081 1116 3144 de
1135 3088 1180 3143 vi·

153 3184 334 3266 depascunt,
357 3184 430 3244 dum
445 3184 570 3246 frondes
585 3205 649 3244 cer·
690 3184 770 3247 tibus
812 3188 920 3268 agitur.
980 3184 1030 3244 Sic
1065 3186 1181 3266 aprica

152 3302 238 3371 punt
253 3308 340 3347 oues.
680 3290 771 3367 saxa
804 3288 858 3351 ini.
892 3290 964 3352 522.
1017 3306 1181 3346 uenenum

199 3392 273 3470 376.
305 3390 408 3463 Idem,
448 3388 648 3472 quodmodo
690 3414 748 3474 pro
763 3391 852 3451 salina
867 3393 967 3451 noxia.
989 3388 1063 3470 Sap.
1078 3410 1106 3453 ν.
1122 3393 1182 3472 196

153 3493 292 3566 dixerat,
319 3497 440 3576 grauius
462 3514 497 3552 ac
515 3492 649 3554 disertius
691 3511 822 3556 urentes
842 3493 931 3571 cultu
952 3492 1102 3571 capellas.

154 3599 296 3674 exponit.
337 3597 407 3655 Neo
418 3597 555 3675 frigora
576 3617 651 3654 cort-
733 3597 910 3674 380-389.
929 3595 1029 3654 Varro
1042 3594 1081 3655 de
1094 3595 1132 3656 R.
1143 3595 1182 3657 R.

156 3711 253 3756 creta
269 3698 427 3774 (tributum
440 3701 570 3779 frigori
588 3704 652 3779 epi·
692 3697 718 3771 l,
733 3719 761 3769 2,
780 3698 827 3760 18.
846 3712 882 3776 ¹9
907 3695 1076 3778 Quaedam
1094 3701 1183 3756 enim

155 3799 288 3872 theton,
308 3801 395 3881 quod
414 3801 503 3861 rebus
525 3805 652 3882 proprie
690 3797 833 3882 pecudes
852 3799 1002 3858 culturae
1013 3798 1098 3876 sunt
1119 3800 1183 3858 ini-¹
1241 3780 1243 3788 Ι

155 3906 309 3964 conuenit
338 3924 396 3984 per
424 3904 543 3986 frigoris
576 3919 653 3963 tem·
694 3904 799 3961 micae
818 3921 860 3958 ac
873 3920 1013 3968 veneno,
1035 3914 1073 3960 vt
1092 3899 1183 3977 isiae,

153 4001 308 4087 pestatem
338 4007 503 4090 congelatis
538 4023 569 4067 et
601 4006 653 4065 ad·
695 4024 778 4088 quas
808 4001 895 4077 diri,
942 4022 1081 4085 caprae,⁸
1124 4020 1185 4060 eae

154 4106 296 4188 strictis).
356 4130 497 4169 nomtere
524 4123 653 4169 tantiam
694 4109 780 4166 enim
808 4107 921 4186 omnia
947 4103 1080 4164 nouella
1097 4104 1183 4181 sata

149 4214 282 4294 pruina
308 4231 413 4281 euna,
448 4227 566 4276 nocent
586 4226 653 4271 ten·
694 4207 858 4294 carpendo
875 4221 1098 4290 corrumpunt,
1117 4222 1183 4268 non
