2692 4914
4 284 25 327 4
93 253 99 267 ,

132 297 208 408 254
461 296 819 374 Pnoomvnvu

128 482 348 561 tractanda
364 480 574 584 selegeris,
611 512 662 557 ea
686 510 820 557 rerum
837 477 955 581 facie
978 480 1089 584 qnasi
1113 509 1165 554 ae
1223 521 1233 541 ·

130 609 246 682 vultu
265 632 389 707 eoque
410 608 544 678 colore
563 608 786 681 exhibenda
796 608 913 705 sunt,
935 634 1012 709 quo
1032 612 1164 678 maxi-

129 759 196 804 me
221 736 395 809 niteant,
440 729 722 830 hominumque
752 736 907 806 animos
936 735 994 803 ad
1017 757 1165 831 cogno-

119 856 319 956 scendam
345 879 431 927 rem
460 871 499 925 et
528 856 880 955 contemplandam
912 856 1098 927 alliciant
1127 871 1165 926 et

129 984 309 1054 innitent.
366 979 469 1049 Tum
484 977 745 1077 perspicuitas
765 1004 793 1049 a
811 979 966 1058 lucido,
990 968 1072 1050 non
1093 1005 1167 1050 au-

132 1121 215 1177 tern
235 1101 469 1180 dialectico,
502 1128 635 1173 rerum
652 1104 812 1204 ordine,
838 1120 1168 1202 argumentorum

132 1227 296 1305 dilectu,
319 1221 568 1323 dispositione
585 1242 624 1296 et
642 1223 880 1324 expositione
902 1228 961 1296 ad
983 1231 1167 1298 animum

129 1349 347 1424 tenendum
368 1351 701 1427 accommodata,
722 1344 952 1446 arcqffenda
971 1346 1035 1445 est.
1094 1351 1167 1421 Te·

130 1491 225 1548 nent
246 1487 382 1543 autern
406 1476 589 1546 animum
606 1497 675 1551 ea,
698 1498 804 1572 quae
819 1498 902 1545 non
918 1473 1040 1544 modo
1063 1469 1169 1545 nilzil

130 1591 336 1693 molesb‘ae
361 1600 400 1667 ei
426 1613 583 1677 creant,
627 1599 726 1669 dum
746 1594 1053 1696 cognoscuntur,
1099 1620 1169 1666 ve-

130 1745 223 1796 rum
243 1722 387 1798 etiam,
426 1720 525 1791 dum
554 1720 635 1792 leni
656 1744 707 1790 ac
723 1719 849 1815 facili
873 1717 985 1814 cursu
1013 1720 1056 1788 in
1079 1722 1169 1788 ani·

130 1868 248 1917 mum·
263 1844 454 1938 influunt,
492 1871 574 1916 non
596 1843 766 1914 horrida
787 1840 930 1941 aliqua
953 1866 1004 1912 ac
1026 1844 1169 1912 ieiuna

119 1963 348 2079 subtilitate
374 1967 626 2064 exarescant,
660 1964 742 2063 sed
765 1991 812 2037 eo
840 1948 1004 2065 corpore
1027 1989 1079 2034 ac
1103 1989 1168 2035 co·

130 2092 217 2166 lore
238 2088 441 2190 succoque
471 2089 631 2189 expleta
658 2087 779 2186 sunt,
827 2114 906 2188 quo
939 2088 997 2159 ad
1029 2086 1169 2184 impel-

57 2222 73 2264 ·“·
129 2213 270 2289 lendes
283 2212 420 2309 sensus
436 2210 586 2309 nostros
604 2215 862 2311 animumque
878 2210 1063 2310 aliquam
1080 2214 1170 2280 vim

101 2334 318 2413 'lsabeant
374 2338 460 2436 Quo
472 2336 551 2435 fit,
578 2352 624 2406 vt
644 2339 688 2407 in
708 2352 854 2408 ornatu
865 2332 1032 2431 summa
1051 2333 1169 2405 liuius

131 2463 318 2535 carminis
331 2455 461 2557 posita
477 2460 680 2531 videatur.
731 2460 804 2532 Ad
821 2474 1009 2530 ornatum
1028 2473 1168 2526 autem

84 2654 89 2663 ,
131 2587 273 2658 omnia
296 2580 507 2677 referenda
524 2580 643 2678 sunt,
689 2607 781 2653 curn
806 2609 875 2660 ea,
912 2577 1001 2674 stne
1025 2576 1168 2680 quibus

130 2707 202 2782 ille
228 2721 334 2778 recte
363 2700 436 2802 effe
459 2708 612 2803 nequit,
659 2699 872 2777 uerborum
893 2728 1168 2776 numerorum-

130 2856 208 2934 que
226 2844 357 2908 recta,
396 2829 574 2928 elegans,
604 2852 655 2899 ac
669 2827 813 2924 suauis
833 2830 961 2907 ratio,
996 2843 1085 2899 tum
1107 2852 1169 2898 re·

131 2981 224 3028 rum
244 2967 639 3052 argumentorumue,
681 2977 806 3050 quae,
845 2952 955 3050 quod
977 2967 1169 3022 ornatum

133 3103 275 3177 capere
296 3073 557 3153 videbantur,
608 3075 667 3145 ad
687 3075 966 3173 exponendum
981 3071 1169 3174 seposue-

4 3192 26 3227 ”
131 3227 218 3279 ras,
262 3223 313 3272 ea
339 3197 511 3269 elocutio
541 3214 581 3270 et
605 3195 936 3296 repraesentatio,
974 3221 1081 3296 quae
1106 3194 1168 3266 ad

132 3327 314 3396 animum
346 3324 537 3393 continua
571 3338 786 3421 gratarum
819 3347 974 3399 rerum,
1020 3320 1167 3419 imagi·

131 3470 230 3518 num
248 3469 299 3514 ac
307 3441 498 3540 sensuum
519 3440 784 3543 ciciffltudine
806 3445 1022 3516 tenendum
1041 3466 1168 3542 quam

132 3569 311 3641 maxime
327 3564 383 3660 sit
404 3567 564 3640 idonea.
627 3568 746 3668 Quod
771 3568 934 3668 quidem
952 3571 1014 3638 ita
1036 3552 1169 3636 maci·

133 3716 198 3765 me
235 3684 381 3788 affequi
413 3691 598 3776 videare,
634 3687 693 3785 fi,
740 3694 789 3764 iis
822 3695 1012 3791 exceptis,
1059 3713 1168 3790 quac

132 3813 289 3888 nullum
325 3830 512 3885 ornatum
550 3815 787 3896 admittunt,
840 3832 879 3888 et
913 3814 1082 3888 breuiter
1115 3837 1170 3885 ac

121 3934 357 4037 firnpliciter
388 3940 624 4035 exponenda
639 3937 760 4036 sunt,
805 3957 936 4012 cetera
963 3935 1092 4009 verbis
1115 3959 1170 4010 ac

123 4061 332 4161 sententiis
371 4059 649 4161 locupletibus,
714 4061 1000 4162 variarumque
1031 4087 1171 4135 rerum

123 4168 430 4281 similitudinem
444 4210 495 4261 ac
515 4185 689 4263 colorem
707 4188 751 4260 in
773 4189 954 4262 animum
973 4211 1172 4264 reuocan-
