2700 4906
963 98 1007 198 le·

213 347 546 428 evcotrct
570 348 691 473 rtet.
710 345 739 424 1.
762 284 924 428 ᾇτ’-ω
1052 349 1106 459 ³⁷..

26 534 104 614 Sed
118 554 288 630 tamen,
317 536 390 614 iste
403 539 499 614 deus
514 545 578 641 qui
596 538 649 631 fit,
672 540 738 632 da,
760 543 906 634 Tityre,
927 539 1049 617 nobis.

29 701 68 747 τ.
77 672 261 768 Vrbem,
297 693 420 776 quam
442 674 572 749 dicunt
590 678 762 766 Romam,
784 674 993 768 Meliboee,
1031 702 1100 777 pu·

687 814 768 882 taui
1049 834 1099 887 20

40 940 191 1018 Stultus
213 966 293 1043 ego
308 941 400 1016 huic
420 937 570 1018 nostrae
586 939 759 1036 similem,
784 970 862 1047 quo
883 941 991 1046 saepe
1009 942 1100 1022 lole-

686 1103 771 1150 mus

47 1206 228 1284 Pastoree
253 1213 389 1282 ouium
413 1226 565 1284 teneros
590 1207 783 1308 depellere
801 1207 911 1285 letus.

53 1373 151 1425 dectus
165 1389 182 1424 a
194 1370 338 1441 Naugerio
355 1370 384 1424 iu
395 1369 456 1424 ΛΜ.
478 1385 535 1424 tert.
553 1386 579 1424 et
598 1371 651 1424 iem
665 1387 726 1426 ente
742 1372 775 1426 eb
788 1371 916 1444 llguetie;
947 1370 1052 1429 edlutut
1070 1389 1097 1431 et

56 1458 232 1511 edunbretue
251 1474 285 1510 ex
301 1454 477 1517 Ecl.1x‚15.
504 1473 527 1509 r.
541 1455 629 1509 Heius.
650 1473 677 1510 et
690 1459 772 1522 Pier.¹
806 1460 833 1511 in
855 1461 928 1513 cuiue
952 1460 1018 1514 binie
1041 1476 1097 1516 eret

56 1545 171 1598 esulae
193 1543 236 1594 ab
255 1545 333 1595 lllce.
360 1538 430 1594 milit
456 1539 554 1595 versum
579 1560 649 1595 nunc
668 1544 710 1595 ed.
732 1542 885 1598 Permenlle.
929 1545 964 1598 Et
987 1547 1026 1600 18.
1047 1563 1096 1617 ¹9⁰

56 1630 142 1682 atem
161 1646 178 1681 e
195 1628 310 1681 Moneo.
333 1644 359 1679 2.
445 1644 479 1697 ¹9
494 1635 556 1697 quir
571 1624 613 1696 set
639 1625 736 1699 septem
760 1629 848 1683 Codd.
868 1648 910 1702 ep.
935 1629 1024 1684 Heius.
1045 1646 1098 1686 tm
1208 1692 1210 1696 y

56 1716 144 1769 num.
161 1731 228 1766 cnm
241 1711 327 1766 Goth.
342 1729 384 1784 pr.
433 1711 487 1765 Sed
498 1731 521 1764 v.
538 1709 625 1766 Heinl.
642 1712 676 1765 ed
688 1714 744 1766 Ecl.
757 1716 790 1776 ll,
808 1733 838 1785 ¹9
865 1731 891 1767 et
907 1713 1000 1785 peffim
1020 1714 1097 1769 elioe.

60 1821 112 1872 eu
127 1800 229 1854 lloret.
250 1817 295 1849 vn.
317 1816 333 1850 e
353 1815 390 1849 m.
411 1795 460 1851 lec.
505 1807 574 1869 quel
593 1798 664 1851 coni.
687 1799 776 1852 Burm.
796 1799 840 1872 qui
861 1799 986 1852 haerebat
1000 1799 1029 1851 in
1049 1817 1099 1853 no·

61 1886 129 1939 tione
153 1887 208 1941 τοῦ
228 1884 391 1951 depellere,
424 1898 453 1936 vt
472 1881 545 1936 ellel:
588 1884 616 1936 in
642 1884 715 1937 cuiue
736 1883 945 1956 urbiegretiem,
981 1902 1100 1937 commo-

61 1970 119 2023 dum
133 1987 160 2024 et
172 1961 331 2024 facilitatem
343 1969 441 2030 victur,
463 1987 513 2022 noe
526 1958 600 2040 leepe
612 1967 681 2022 lecte
692 1967 822 2040 depellere
835 1968 956 2023 [olemus.
971 1968 1096 2024 tidNot.

61 2075 91 2110 n
108 2057 255 2111 dedecere
274 2073 341 2108 vnue
360 2072 404 2127 ep.
424 2054 503 2107 Torr.
522 2054 557 2107 ed
571 2055 638 2106 Hor.
658 2053 696 2106 lV
711 2052 764 2107 Od.
779 2072 805 2108 2.

60 2183 155 2260 risque
169 2178 303 2236 Seruius
318 2175 434 2256 aliique
452 2175 562 2234 Grem·
647 2193 697 2237 20.
717 2175 800 2234 Adiit
815 2176 939 2260 Tityrus
954 2174 1098 2255 Romam,

61 2287 156 2341 muci
175 2280 229 2340 hic
245 2291 441 2361 argutantur.
462 2276 562 2351 laeua
603 2296 673 2337 cum
690 2277 763 2337 elias
779 2293 896 2338 tuntum
912 2278 950 2339 ed
963 2283 1099 2341 vicinum

63 2405 155 2458 erens,
171 2381 310 2463 stupide,
327 2379 422 2440 tarde.
452 2379 560 2438 Horat
598 2382 755 2461 'oppidum
790 2400 948 2441 excurrere
976 2381 1097 2443 soleret.

63 2487 118 2545 Art.
133 2489 196 2550 301
242 2487 273 2543 0
289 2502 350 2561 ego
366 2483 484 2542 laeuus
501 2491 561 2540 etc.
606 2502 657 2541 21.
679 2482 757 2541 lertio
776 2480 915 2560 nostrae,
936 2483 1096 2558 Mantuae,

70 2608 110 2668 tp
138 2587 200 2661 da,
227 2587 301 2658 ede,
332 2587 393 2658 dic,
423 2579 563 2650 edillere,
604 2605 670 2666 quo
703 2605 799 2668 egnot
834 2606 926 2667 egere
957 2583 1097 2645 solemus.

67 2708 93 2750 vt
104 2694 232 2772 accipe,
251 2689 337 2762 eudi,
357 2691 436 2748 Aen.
451 2686 491 2757 11,
511 2688 562 2747 25.
603 2684 768 2767 depellere
781 2686 861 2748 lorte
872 2691 962 2746 nimie
979 2688 1098 2747 violen-

68 2792 146 2852 Sem.
163 2794 292 2852 Notent
306 2797 339 2851 in
352 2795 399 2862 iis,
425 2809 504 2871 quae
518 2786 563 2848 le·
604 2805 680 2862 tum,
700 2810 774 2849 nem
790 2803 954 2869 portentur
967 2807 985 2846 e
998 2785 1099 2868 pello·
1191 2826 1192 2829 =

65 2913 213 2976 quantur,
235 2898 355 2953 tirones
368 2893 477 2972 longas
492 2911 563 2949 nar-
603 2891 687 2950 ribus
711 2895 783 2973 agni
806 2890 929 2966 tenelli;
963 2894 1005 2948 eit
1023 2890 1100 2948 Bur·

66 3002 185 3060 rationis
200 2994 349 3077 ambages
365 2991 490 3074 pastoris
505 2996 562 3050 im-
603 3012 708 3052 menn.
757 2994 874 3051 Verum
894 2994 932 3062 ii,
961 2995 1014 3072 qul
1035 2995 1098 3051 iam

65 3105 187 3179 peritiae
198 3118 269 3159 non
280 3097 360 3156 male
373 3099 562 3155 conuenieu-
604 3116 622 3154 e
651 3094 730 3153 lacte
759 3097 871 3154 remoti
898 3093 982 3152 lenio
1017 3093 1099 3153 tradi

10 3230 12 3245 ι
66 3215 118 3274 tet,
144 3217 240 3261 vtne
257 3202 425 3275 (uacum
439 3216 560 3277 nupero
603 3195 737 3269 debent,
773 3195 856 3256 haud
877 3192 971 3255 dubie
993 3199 1042 3279 egi
1065 3208 1099 3257 et

10 3340 12 3348 =
66 3304 211 3363 Peetrces
243 3301 398 3362 Gallicae
426 3315 560 3369 auctore,
600 3298 717 3378 depelli
744 3296 877 3378 pollunt.
927 3299 1050 3358 Seruius
1077 3319 1097 3360 e

66 3405 233 3469 reuuffimo
247 3402 387 3476 homine,
403 3403 561 3461 Mermon·
600 3401 681 3460 lecte
693 3422 854 3462 remouere
868 3405 1096 3482 interpretatur,

10 3504 12 3511 ’
64 3510 151 3584 tello,
195 3509 361 3589 Poelique
390 3502 562 3584 Franpolse
602 3523 662 3585 que
685 3504 724 3563 de
743 3525 777 3564 re
792 3509 918 3585 proprIe
934 3502 1098 3584 depellere

65 3611 96 3670 Τ.
110 3613 152 3685 11,
173 3634 208 3694 p.
227 3614 280 3675 85.
298 3614 352 3689 86)
380 3606 441 3667 hoc
455 3605 561 3666 vitiose
602 3606 666 3666 Ecl.
681 3606 750 3680 Vll,
771 3605 887 3676 15.111,
908 3608 958 3668 82.
975 3606 1032 3668 Ge.
1040 3602 1096 3677 111,

67 3711 239 3796 leuputee.
266 3711 561 3780 Debebetnerrere,
609 3712 684 3786 1873
720 3730 783 3792 quo
811 3725 915 3768 temen
936 3706 1022 3769 leulu
1043 3707 1097 3768 ad·

68 3815 92 3875 le
112 3817 264 3878 libertatis
287 3815 443 3898 petendae
463 3808 562 3871 caulla
604 3810 758 3872 diturlere
769 3810 970 3892 deprrlsusab
985 3809 1095 3870 vber'e.

70 3916 192 3982 tomam
210 3916 326 3982 venille
352 3932 385 3977 et
411 3936 480 3974 curn
494 3912 561 3985 hac,
604 3913 698 3972 lacte.
723 3929 776 3973 eut
796 3915 859 3994 ipl'n
875 3933 923 3972 res
940 3932 979 3971 eo
1002 3912 1096 3970 ducit.

72 4035 174 4084 tttuto
189 4045 300 4108 greges
314 4019 439 4102 pascere
449 4013 559 4098 pollet,
605 4016 751 4095 Culpam.
767 4016 863 4094 [1,47
893 4015 943 4073 Ne
958 4011 1096 4093 depulsa
1192 4096 1196 4105 y

74 4123 228 4190 edomino
253 4117 452 4206 impetrell'ez
481 4117 563 4181 ‘llaec
602 4137 706 4194 vagor
729 4131 870 4201 quaerat
889 4115 1012 4195 ferrara
1036 4129 1099 4191 pa·

76 4230 148 4306 ’·34
165 4231 350 4318 lequuntur.
457 4243 460 4248 ·
603 4236 721 4281 rentes.
762 4221 827 4282 Sed
844 4218 1009 4299 depellere
1021 4213 1098 4272 dixit
