2700 4906
155 356 230 440 664
358 355 403 427 Ρ.
428 348 677 428 VIRGILII
704 342 978 422 MARONIS

153 542 319 645 Frigidus
342 544 382 613 in
403 542 591 614 Venerem
612 532 750 624 senior,
791 530 1009 635 frustraque
1033 531 1194 607 laborem

156 685 347 780 Ingratum
370 673 503 765 trahit3
548 689 606 762 et,
635 667 839 770 liquando
865 667 920 741 ad
938 667 1094 768 proelia
1115 691 1194 742 ren·

775 819 859 873 tum
880 799 947 893 est,

157 949 209 1021 Vt
230 937 422 1046 quondam
440 942 481 1011 in
500 933 639 1035 stipulis
658 959 813 1035 magnus
833 931 913 1009 fine
930 933 1078 1008 vitibus
1097 934 1192 1032 ignia,

157 1073 341 1159 Incassum
377 1071 477 1149 furit.
540 1073 640 1170 Ergo
664 1072 809 1143 animos
835 1093 1063 1171 aeuumque
1097 1082 1195 1138 nota·

776 1201 835 1279 bia
1132 1221 1193 1272 100

157 1341 381 1436 Praecipu03
403 1333 493 1408 hinc
504 1331 593 1405 alias
608 1339 711 1428 artis,
736 1334 968 1437 prolemque
988 1351 1191 1436 pareutum,

223 1567 258 1621 97
277 1557 309 1602 in
328 1549 464 1602 Veneram
484 1547 524 1626 0st
535 1547 641 1618 senior
659 1549 724 1620 Bag.
743 1549 851 1602 Martia.
897 1557 930 1607 in
956 1551 1073 1604 Venere
1081 1549 1193 1621 segnior

155 1635 412 1707 Medicampt.
501 1632 675 1705 991aahest
698 1633 832 1693 aModic.
861 1651 934 1688 tm.
958 1653 1002 1703 pt.
1029 1652 1057 1691 et
1081 1634 1193 1690 ouda

156 1721 247 1778 Sahal.
268 1719 385 1780 quenti.
409 1719 457 1781 vl,
480 1720 545 1781 666,
589 1719 635 1790 qui
653 1735 741 1774 tamen
759 1718 828 1774 mala
847 1737 973 1792 magnus
994 1741 1067 1774 nam
1084 1719 1191 1775 voti-t.

157 1824 185 1862 tt
204 1807 275 1860 idem
294 1804 328 1858 ad
351 1804 406 1864 Sat,
423 1805 457 1866 X,
472 1806 523 1858 205
553 1802 684 1874 vulgatum
705 1804 818 1858 exhibet.
862 1812 894 1857 ira
909 1803 1034 1876 stipula
1052 1808 1190 1860 Romanus.

159 1910 208 1947 too
228 1901 284 1944 ruit
306 1888 360 1942 Eri.
396 1898 520 1942 animum
540 1904 624 1960 quart.
636 1889 732 1942 Mora.
775 1892 851 1943 Forte
871 1889 949 1946 malit
973 1911 1070 1946 aanor
1090 1907 1191 1945 um

158 1997 221 2051 que.
264 1977 307 2030 De
326 1977 401 2028 annia
421 1975 491 2027 enirn
512 1975 603 2045 agitur.
652 1974 749 2026 Verum
770 1973 914 2032 decimauit
934 1975 1060 2046 vigorem
1079 1977 1190 2030 inuam

158 2071 270 2123 animoa
290 2079 454 2130 aeuumque.
527 2077 571 2112 tot
592 2078 749 2130 moremque
767 2075 918 2131 parantum
934 2061 1189 2116 mormannum.

156 2148 230 2201 land.
251 2146 365 2199 adstat.
380 2143 445 2198 siin.
460 2144 494 2204 V,
508 2144 533 2205 3,
551 2146 606 2206 138,
631 2144 675 2201 sod
688 2144 738 2197 vid.
753 2147 843 2198 Burm.
857 2161 885 2199 et
898 2146 1018 2200 Notum.
1052 2149 1189 2218 proloqu

156 2221 304 2310 parantem
321 2229 390 2283 coni.
405 2231 444 2289 la.
459 2227 595 2288 Schrader.
636 2229 746 2290 ttdtnr
774 2232 959 2304 prolemque,
991 2249 1186 2307 parmasque,

155 2318 193 2372 Et
213 2321 284 2390 quit·

210 2491 261 2551 97.
298 2471 425 2552 Quanto
446 2491 515 2529 cum
537 2470 649 2530 dilectu
691 2473 776 2531 ineo
792 2471 1005 2549 obsemanda,
1039 2497 1106 2559 quo
1125 2477 1188 2533 ω’·

156 2574 348 2653 voluptatem
366 2572 512 2631 laborem
534 2575 649 2653 (quam
690 2595 742 2632 mo
764 2595 800 2634 ac
823 2574 946 2654 spiritu,
995 2599 1060 2659 qna
1084 2592 1187 2637 aetate

156 2695 251 2759 quam
275 2673 335 2735 hoc
353 2680 513 2756 proptium
538 2672 594 2732 hac
615 2676 648 2733 in
689 2673 742 2753 [ης
765 2691 830 2734 tum
847 2676 976 2735 demum
996 2680 1099 2742 altero
1113 2682 1185 2751 loco,

155 2797 200 2839 re.
223 2798 252 2836 v.
273 2777 326 2836 inf.
350 2779 390 2837 ad
410 2799 437 2836 v.
464 2781 532 2854 127)
553 2790 584 2834 et
598 2777 648 2832 in·
688 2778 781 2866 ltine,
801 2782 893 2837 etiam
910 2780 987 2840 alias
1003 2799 1115 2857 artes,
1134 2787 1185 2842 vit·

153 2894 290 2960 gracum
304 2896 337 2943 et
351 2879 482 2939 trahere
502 2897 560 2957 pro
577 2896 647 2956 per·
688 2895 785 2953 tutes,
835 2881 1039 2965 prolemque
1071 2905 1184 2968 parer·

155 2982 247 3042 ficere
264 2982 353 3046 dixit!
387 2997 420 3044 et
439 2981 479 3061 98
494 2979 647 3059 praelia:
689 2997 776 3053 tum,
818 2980 848 3041 h.
870 2980 893 3043 fi
916 3006 1000 3067 quos
1023 2989 1102 3049 alios
1129 2993 1182 3048 iarn

154 3104 236 3166 quae
273 3104 436 3163 perperam
469 3081 507 3141 ad
541 3101 646 3140 veram
688 3085 788 3167 pullos
806 3085 901 3144 iidem
919 3105 1072 3165 parentes
1088 3089 1182 3152 edide-

152 3205 292 3267 pugnam
327 3205 362 3243 ac
399 3183 511 3243 bellum
543 3183 647 3242 retulit
687 3191 758 3259 rint,
782 3207 842 3268 qua
861 3183 958 3248 iifint
980 3191 1103 3264 indole,
1125 3207 1179 3273 quo

154 3286 273 3352 Cardu
317 3282 371 3346 etii
398 3285 436 3343 ad
463 3303 567 3345 veram
588 3303 646 3361 pu·
687 3293 808 3369 vigore,
833 3310 862 3347 v.
884 3289 992 3353 Burm.
1047 3293 1129 3357 Nam
1147 3309 1179 3351 ea

153 3408 248 3476 gnam
277 3384 353 3447 haec
383 3372 532 3445 transtulit
555 3384 644 3444 Silius
686 3389 787 3460 sensu,
818 3405 849 3449 vt
863 3391 979 3470 pullos,
1011 3416 1093 3477 quoa
1115 3395 1179 3456 olim

153 3490 193 3562 V,
219 3490 398 3566 571-575
425 3492 459 3550 in
480 3487 550 3548 loco
572 3485 644 3546 hine
685 3491 747 3572 ipse
764 3496 822 3551 iam
837 3501 1072 3573 promouent,
1096 3495 1179 3576 respi-

153 3594 325 3650 imitatione
340 3586 485 3670 expreffo.
511 3589 644 3670 praelia
686 3597 763 3666 cias,
795 3596 1065 3679 quemadmodum
1087 3602 1177 3658 Varro

151 3694 282 3755 Veneria
296 3693 481 3776 frequenter.
507 3692 545 3752 cf.
563 3693 642 3754 Aen.
685 3696 724 3756 de
747 3700 841 3757 ariete
863 3703 1020 3781 praecipit
1039 3703 1081 3775 11,
1105 3723 1133 3774 2,
1148 3708 1175 3778 d,

149 3794 208 3870 XI,
226 3798 298 3876 736.
684 3801 779 3877 accipi
796 3804 921 3880 nequit,
949 3807 1025 3883 quia
1041 3803 1083 3864 de
1098 3821 1176 3865 nouo

196 3920 264 3961 too.
285 3895 425 3958 Procedit
442 3913 526 3953 nunc
549 3895 640 3954 Maro
683 3895 853 3961 admissatio
882 3898 933 3962 hic
965 3910 1087 3988 agitu13
1129 3899 1177 3966 nifi

148 3998 298 4082 postilla,
327 3999 459 4079 quaein
482 4016 564 4075 equo
587 3996 640 4054 ad·
683 3998 782 4073 dicas,
809 4021 877 4064 non
891 4004 931 4066 de
945 4025 1048 4083 nouo,
1069 4006 1176 4069 necdt

147 4098 281 4165 miliario
306 4098 450 4181 eligendo
477 4095 641 4159 obseruan·
683 4120 745 4162 vno
752 4143 763 4174 ,
806 4124 891 4166 nunc
919 4127 1015 4191 agere
1041 4127 1173 4194 poetam,

28 4250 32 4257 .
149 4203 187 4264 da
202 4202 355 4266 suntinde
372 4221 431 4263 av.
448 4222 499 4284 72,
528 4200 640 4263 adalia
682 4201 734 4268 sed
766 4206 804 4270 de
832 4223 900 4271 toto
938 4211 1173 4279 admiffariornm
