2692 4914
235 313 585 391 GEORGIGON
607 316 711 388 LIB.
731 313 805 404 111,
820 315 1038 416 478-487
1113 319 1189 420 657

153 501 342 578 Omnibus
363 512 446 577 acta
470 497 542 576 fitis
565 498 716 577 miseros
738 499 946 576 adduxerat
971 520 1088 578 artus:

149 634 288 710 Rursus
303 635 518 709 abundabat
540 635 676 708 fluidus
699 634 843 735 liquor,
875 641 1078 739 omniaque
1098 641 1137 712 in
1157 639 1193 718 se

150 767 241 846 Ossa
264 774 475 843 minutatim
503 768 638 844 morbo
664 766 836 869 conlapsa
862 769 1043 844 trahebat.
1116 775 1190 858 485
1267 796 1270 809 '

148 905 274 1005 Saepe
302 905 517 979 inhonore
551 903 665 979 deum
703 901 831 978 medio
862 899 957 977 stans
986 901 1104 980 hostia
1140 907 1191 983 ad

776 1061 890 1128 aram,
929 1124 932 1127 .

147 1175 278 1246 Lanea
304 1170 396 1245 dum
425 1174 537 1246 niuea
563 1169 816 1246 circumdatur
842 1169 961 1246 insula
989 1175 1089 1266 vitta,

146 1383 253 1441 Medic.
275 1401 340 1436 am.
354 1401 394 1454 pr.
463 1382 515 1448 483
534 1396 621 1434 aucta
630 1379 698 1450 sitis
718 1373 834 1435 Ptrtbus.
878 1397 947 1455 apta
970 1381 1053 1439 Goth.
1068 1403 1107 1458 pr.
1143 1378 1192 1438 as·

154 1469 283 1524 duxerat
303 1467 405 1540 aliquot
428 1484 470 1538 ap.
484 1468 574 1519 Burm.
591 1484 652 1518 cum
668 1466 728 1520 edd.
742 1467 821 1521 Aidd.
842 1469 911 1522 lunt.
946 1466 1007 1534 (sed
1028 1470 1192 1525 emandatiut

147 1554 228 1610 dedit
240 1553 388 1626 Naugerius
403 1551 490 1605 Aldin.
505 1557 580 1614 tert.)
599 1549 683 1604 Goth.
699 1551 747 1605 sec.
755 1590 764 1614 ,
800 1553 880 1605 eriam
898 1553 1057 1626 Philargyr„
1088 1557 1133 1629 qui
1149 1575 1192 1611 ex·

144 1640 249 1716 plicat,
272 1651 465 1693 contraxerat.
548 1636 600 1702 484
619 1635 807 1689 abundabant
826 1635 899 1690 Gud.
936 1639 1071 1708 striutdua
1088 1640 1189 1694 Medic.

147 1745 216 1781 cum
235 1724 317 1779 tribua
331 1723 492 1784 Burmanni,
510 1722 590 1774 Rom.
606 1736 631 1774 et
644 1721 728 1774 Goth.
743 1741 800 1794 pn,
822 1721 937 1775 Seruius.
957 1723 1006 1775 vid,
1025 1723 1114 1777 Gisan.
1129 1725 1189 1780 lnd.

145 1812 257 1866 Lucret.
325 1810 378 1876 486
395 1809 491 1861 merita
502 1806 571 1858 Ven.
614 1805 654 1858 ad
667 1824 733 1859 aras
749 1806 790 1859 ed.
805 1807 876 1859 Dan.
893 1822 919 1859 et
932 1806 999 1860 aliae
1013 1809 1188 1882 antiquiores:

144 1896 244 1952 saltem
257 1893 351 1966 Egnat.
420 1896 470 1964 487
490 1892 582 1946 Linea
597 1889 658 1944 edd.
665 1929 676 1956 ,
696 1891 789 1965 quibua
801 1892 900 1947 Pieriua
915 1892 1040 1948 uebatur.
1076 1885 1190 1948 Laurea

147 1981 222 2037 aliae
242 1977 302 2033 edd.
325 1993 387 2033 retu

146 2151 329 2217 tabescebat
364 2152 586 2235 colliquatione
614 2170 651 2212 aa
695 2170 775 2215 1202
800 2165 833 2213 et
855 2151 909 2214 rel
933 2149 1089 2212 trahebat
1116 2172 1186 2213 om·

102 2320 109 2333 ,
145 2255 341 2336 resolutione
374 2259 514 2317 omnium
540 2252 651 2316 humo-
690 2258 749 2314 nia
770 2253 838 2336 offa
858 2255 895 2313 ἐπ
907 2252 970 2330 se,
1004 2253 1078 2314 dum
1098 2252 1185 2339 quasi

115 2425 117 2433 ,
146 2380 233 2422 rum.
278 2358 356 2417 Sitis
373 2378 432 2439 pro
449 2355 543 2432 aestu,
567 2358 650 2419 calo·
689 2363 723 2419 in
745 2357 819 2418 tabo
841 2371 1002 2430 natarent,
1037 2356 1107 2439 offa
1126 2357 1189 2416 mi·

111 2506 116 2512 -
146 2481 188 2524 te
195 2503 207 2537 ,
231 2458 313 2520 vnde
326 2456 387 2520 sitit
406 2464 520 2533 oritur,
541 2473 574 2520 vt
588 2463 650 2519 iam
691 2462 836 2543 urceatim
869 2458 985 2520 morbo
1025 2459 1190 2541 collapsa:
1283 2474 1284 2477 ’

146 2565 280 2625 Seruius
293 2560 441 2643 exposuit.
454 2560 650 2638 firtsigrrea,
692 2567 777 2624 cuius
804 2567 926 2647 generis
949 2563 1135 2645 liquationea
1156 2576 1190 2623 et

144 2682 186 2729 vt
198 2667 275 2725 Stat.
291 2662 392 2726 Theb.
406 2665 461 2738 IV,
477 2666 540 2743 699
567 2662 650 2721 Ιιαιι-
691 2665 893 2727 resolutiones
916 2661 1025 2731 ollium
1046 2670 1138 2726 etiam
1155 2668 1190 2726 in

147 2770 200 2830 rit
211 2767 288 2847 fierit
305 2770 410 2848 ignea,
423 2785 572 2846 campos,
597 2764 650 2825 vbi
691 2767 756 2827 aliia
785 2766 901 2827 morbis
928 2767 1076 2827 videmur.
1133 2768 1184 2827 De
1226 2834 1233 2841 ,

146 2872 223 2945 alti,
245 2892 282 2931 ex
296 2872 565 2951 interpretatione,
581 2871 649 2928 ari-
692 2867 764 2930 tabe
794 2883 827 2933 et
859 2869 1025 2951 putredine
1057 2867 1188 2929 cadaue-

145 2971 210 3036 da.
244 2971 320 3050 fitia
333 2987 413 3032 acta
429 2970 578 3032 omnibus
592 2991 648 3030 va-
689 2993 775 3046 rum,
795 2991 862 3034 non
877 2972 916 3033 de
932 2969 1008 3045 hac,
1035 2975 1187 3052 accipien-

146 3079 217 3145 m's,
232 3095 290 3156 per
303 3094 412 3135 omnes
425 3095 529 3149 venus,
538 3094 647 3135 omnes
691 3076 747 3135 dus
761 3076 901 3135 Lucanus
911 3075 964 3148 VI,
975 3076 1016 3138 88
1039 3075 1189 3155 Corpora

147 3177 298 3242 humores
305 3219 316 3250 ,
347 3191 532 3259 penetrans,
554 3176 584 3237 se
601 3181 648 3236 in·
692 3176 771 3238 dum
788 3177 897 3256 soluit
919 3175 1012 3236 tabes
1037 3190 1070 3235 et
1096 3174 1188 3254 dige-

147 3277 285 3344 flauam.
313 3281 437 3339 Intima
451 3300 534 3360 pars
547 3279 651 3338 leomi-
692 3281 748 3354 rit,
764 3279 916 3353 diminuit,
933 3279 1067 3354 resoluit,
1084 3295 1187 3339 artus.

149 3403 233 3442 num
244 3380 414 3463 flagrauit
428 3380 477 3442 ad
491 3382 570 3463 offa,
590 3384 652 3442 Lu·
755 3385 829 3461 486.
860 3380 1012 3460 Hostiam
1044 3379 1188 3467 ¹intellige

150 3500 227 3546 aet.
250 3485 305 3559 vl,
331 3488 423 3548 1166.
459 3482 650 3545 adduxerat
691 3489 854 3559 maiorem,
869 3501 1001 3560 taurum,
1018 3490 1103 3546 cuius
1119 3501 1189 3547 exta

102 3643 104 3654 ,
149 3602 267 3657 artus,
295 3602 363 3648 cute
379 3602 546 3662 contracta,
563 3589 650 3670 quod
692 3587 944 3669 inspiciebantur.
1004 3589 1040 3648 in
1062 3588 1190 3648 horrore

102 3672 104 3679 ,
150 3688 186 3752 fit
208 3711 246 3751 ea
268 3689 478 3763 exarescente,
505 3705 537 3751 vt
556 3691 651 3752 inse·
691 3689 790 3751 derrm
809 3688 938 3758 medio,
973 3692 1124 3753 inmedio
1145 3690 1189 3752 sa-

150 3790 210 3855 bri.
254 3790 405 3852 adducta
425 3792 510 3851 cutis
525 3793 650 3853 exOui·
692 3790 825 3872 crificio;
868 3807 947 3855 noto
968 3792 1021 3853 vsu
1040 3814 1108 3853 voc.
1129 3792 1190 3853 lra-

151 3894 207 3956 dio
231 3908 309 3955 nota
329 3895 408 3954 Met.
423 3893 477 3968 111,
495 3896 568 3976 598.
611 3895 650 3955 li·
691 3914 760 3955 nos.
811 3896 885 3976 487.
898 3894 978 3955 dum
1001 3898 1030 3955 ei
1051 3898 1190 3955 circum·

151 4016 240 4080 quor
249 3994 399 4077 fluidus,
426 3993 570 4059 humores
583 4017 651 4059 cor·
693 3996 794 4057 datur
828 3997 940 4078 infula
976 3998 1075 4058 lanea
1100 3998 1189 4055 vitta

149 4101 257 4179 rupti,
294 4098 564 4181 colliquescentea,
605 4116 651 4162 ta·
692 4103 813 4171 niuea,
842 4083 967 4182 poetica
986 4103 1125 4171 ratione,
1155 4095 1187 4159 h.

149 4197 246 4279 bum,
284 4201 367 4265 cons.
386 4201 571 4265 Lucretiana
593 4201 649 4279 ill,
691 4194 789 4265 insula
819 4206 934 4264 vittata.
995 4200 1113 4280 Insula
1143 4197 1188 4266 0st
