2700 4906
78 271 80 275 ’
145 312 220 369 202
372 267 978 387 nvruornnunnoms-

119 457 121 463 ¹
144 503 188 549 u.
206 479 326 548 Immo
346 478 459 571 haec,
494 506 590 581 quae
606 483 706 557 Varo
726 505 798 554 nec
819 479 909 553 dnm
929 477 1097 580 perfecta
1119 500 1181 552 ca·

763 602 889 675 nebat.

147 734 262 823 Vere,
285 749 389 804 tuum
404 758 544 809 nomen
567 733 735 836 (superet
749 737 865 810 modo
881 739 1039 811 Mantua
1056 729 1178 823 nobis,

213 917 248 970 26
265 914 315 967 Pro
330 913 416 979 haec,
437 935 510 982 quae
522 916 620 970 Medic.
634 937 649 971 a
664 938 699 971 m.
716 939 755 990 pr.
771 935 875 991 terque.
911 916 1041 971 nondum
1055 912 1179 967 nonnulli

148 1013 190 1073 lp.
204 1002 288 1060 Pin..
304 999 333 1056 it.
351 1000 391 1053 etl.
406 1000 473 1056 veri.
510 1004 651 1057 canebam
666 1004 737 1067 Gnd.
806 1022 838 1075 ²7
847 1002 987 1072 superent
1000 1001 1116 1058 Medic..
1135 998 1180 1051 de-

14 1058 40 1139 Ι.
146 1085 201 1139 leto
220 1093 349 1155 cupiant,
384 1084 457 1154 quod
473 1101 538 1146 ante
555 1086 723 1161 perscriptum
743 1104 806 1145 erat.
853 1089 928 1145 Baro
950 1086 1037 1149 iden,
1063 1100 1089 1138 et
1105 1082 1179 1154 supc-

148 1173 218 1226 rioto
230 1168 299 1222 versu
313 1169 405 1230 Baro,
425 1185 452 1223 at
470 1189 494 1222 v.
507 1173 541 1226 35
561 1175 649 1226 Varo.

132 1359 134 1362 Α
192 1329 340 1391 27-29.
361 1309 454 1370 Aliud
468 1309 565 1371 breue
580 1332 642 1371 car·
683 1314 848 1373 Mantuani
884 1312 999 1394 Varum
1044 1305 1179 1369 celebra·

144 1433 231 1476 men.
260 1412 322 1471 Aut
335 1415 401 1493 quis
416 1409 493 1473 baec
507 1427 641 1486 caneret,
684 1415 780 1494 bunt;
800 1413 905 1474 saltem
922 1413 1036 1472 dictum
1059 1415 1118 1471 erit
1139 1408 1179 1468 de

150 1536 231 1600 quae
248 1528 307 1573 etc.
351 1513 453 1587 Vare,
475 1529 568 1573 trtnm
585 1536 643 1574 no·
684 1539 746 1579 vno
777 1519 917 1578 Marone.
979 1515 1095 1575 Verum
1130 1531 1178 1570 rea

149 1637 224 1677 men
247 1629 420 1674 cantantes
432 1616 465 1694 s·
485 1651 528 1663 -
542 1616 643 1698 stepo·
683 1624 728 1681 ita
751 1620 934 1681 declaranda
956 1614 1016 1677 elle
1037 1615 1178 1678 videtur:

148 1735 203 1779 ret
220 1716 317 1778 modo
335 1753 377 1764 —
398 1719 501 1778 Nexus
522 1718 644 1778 senten·
684 1722 781 1804 Quod
813 1722 905 1804 vulgo
938 1734 1021 1782 erat:
1061 1733 1179 1778 nomen

148 1827 259 1884 tiorum
281 1818 341 1882 elle
367 1820 488 1883 videtur
509 1819 575 1880 hic:
610 1822 642 1879 Si
683 1841 770 1884 tumn
784 1838 953 1907 pertotum
970 1840 1078 1903 agrum
1089 1818 1179 1879 Man-

148 1925 245 1986 modo
278 1922 407 1984 Mantua
441 1920 481 1982 ab
515 1925 643 1983 interitu
684 1941 810 1986 tuanum
827 1922 1049 2001 celebrabitur3
1078 1921 1178 2001 poeti·

147 2025 266 2090 seruata
287 2025 394 2084 inerit:
422 2043 539 2084 nornen
556 2038 643 2082 tuum
684 2031 861 2088 curatione
886 2026 925 2085 nd
956 2025 1078 2085 olorum
1108 2041 1179 2082 can·

148 2150 207 2212 per
233 2142 333 2188 totum
365 2145 471 2207 agrum
499 2126 642 2184 Mantua·
683 2144 748 2189 tum
767 2143 939 2190 reuocetur.
984 2125 1080 2207 Quod
1095 2128 1179 2185 enim

148 2252 225 2293 num
247 2226 459 2290 celebrabitur.
503 2228 641 2299 poetico,
682 2246 796 2312 poetae
834 2229 949 2291 senium
990 2233 1105 2310 tangit,
1147 2224 1180 2284 id

111 2333 115 2344 “
149 2330 260 2398 iinon
286 2326 444 2410 pastoritio
451 2371 461 2401 ‚
497 2327 643 2409 phantas·
684 2354 753 2392 cum
791 2336 877 2392 omni
915 2351 1018 2392 rerum
1056 2344 1177 2401 natura,

148 2448 242 2506 mate,
263 2453 326 2514 quo
340 2435 439 2493 onmis
453 2446 562 2492 natura
577 2428 643 2490 sen·
685 2440 820 2495 animata
843 2450 875 2495 et
901 2438 1067 2493 inanimata
1096 2452 1181 2492 com·

149 2535 182 2600 iu
197 2555 299 2597 rerum
313 2534 514 2594 iucundarmu
531 2550 562 2594 et
576 2553 644 2594 mo·
684 2541 866 2609 manicatuc.
908 2537 952 2595 Vt
972 2540 1065 2618 igitur
1092 2531 1181 2593 [imili

149 2635 291 2703 laliacum
315 2636 477 2710 imbuitur,
513 2636 553 2696 ad
577 2636 644 2696 olo·
684 2639 780 2700 modo
797 2654 898 2699 totum
917 2659 1025 2698 nemus
1046 2637 1182 2718 aliquem

150 2761 219 2802 rum
250 2754 373 2799 cantum
402 2741 434 2800 id
465 2742 642 2799 reuocauita
686 2763 796 2802 canere
820 2743 987 2809 diceretur,
1016 2755 1111 2821 vtque
1136 2738 1184 2798 lu·

151 2843 403 2928 quandoquidem
425 2858 530 2902 cantus
551 2840 644 2902 tribui
684 2866 741 2926 pra
763 2844 827 2907 Ecl.
849 2843 880 2901 V
910 2840 1112 2922 Daphnidem
1134 2841 1182 2900 lu·

152 2950 188 3007 iis
203 2945 293 3008 solet:
314 2942 369 3024 ipfi
383 2948 473 3028 cygni
488 2960 574 3003 tuum
588 2963 644 3003 no·
686 2962 761 3029 gent
790 2961 823 3007 et
855 2944 1012 3005 celebrant
1039 2941 1181 3003 laudibus

151 3070 225 3109 men
242 3046 448 3107 celebrabunt.
500 3046 644 3106 Coname-
684 3048 776 3109 filuae
790 3068 825 3108 ac
837 3047 939 3120 ierae,
967 3062 999 3106 et
1018 3045 1044 3118 1,
1066 3048 1117 3124 59.
1138 3053 1185 3121 4ο

151 3164 253 3210 morat
272 3147 328 3209 hos
335 3191 345 3221 ,
367 3153 438 3230 quia
457 3149 589 3208 Mincius
609 3151 645 3207 iis
685 3151 786 3211 fontes
816 3166 848 3210 et
878 3147 996 3210 arbusta
1029 3146 1185 3208 desidera-

152 3251 290 3313 abundat
316 3250 373 3310 Ge.
398 3250 445 3322 11,
480 3252 547 3332 198.
586 3269 643 3328 199
684 3253 761 3314 bant
797 3254 958 3336 Tityrum
1014 3254 1057 3309 ita
1095 3268 1180 3309 nuno

152 3355 198 3414 Et
228 3352 358 3432 qrcalem
391 3351 509 3432 infelix
537 3354 607 3410 ami
619 3366 645 3414 tc
686 3359 774 3438 cycni
792 3360 961 3416 concinunt
982 3357 1015 3412 in
1028 3353 1104 3410 Vari
1125 3349 1182 3410 ho·

154 3456 298 3517 Mantua
314 3469 481 3536 campum,
508 3454 645 3532 Pascen—
684 3477 804 3517 norem.
847 3458 1026 3540 Cygnorum
1044 3468 1180 3527 cantum,

154 3572 218 3618 tem
235 3558 350 3616 niueas
361 3554 496 3633 herboso
504 3556 647 3636 flumine
687 3558 791 3618 saltem
832 3556 1027 3630 siluestrium,
1079 3555 1182 3617 nostra

155 3678 281 3740 cycnos.
344 3657 388 3716 Vt
416 3662 508 3738 cycni
533 3675 646 3741 poetae
688 3682 812 3744 quoqne
832 3677 931 3721 aetate
945 3681 1048 3719 rerum
1063 3665 1185 3742 expeti·

154 3758 230 3834 fint,
275 3757 329 3820 etfi
360 3760 437 3820 illud
471 3763 534 3846 aliis
571 3764 646 3824 locis
688 3780 794 3824 mento
841 3764 1034 3823 vindicarunt
1078 3765 1185 3844 plures⁴

155 3844 301 3934 ocenirit,
338 3883 366 3921 v.
399 3862 439 3921 ad
469 3866 576 3925 Horat.
602 3865 647 3924 IV
688 3867 856 3939 viniducti,
883 3870 916 3925 in
931 3865 1069 3925 hisAbb.
1086 3868 1182 3926 Mon-

157 3967 259 4027 Carm.
276 3965 361 4037 e,25
390 3979 421 4024 et
441 3963 470 4024 h.
492 3967 512 4026 l.
537 3968 646 4042 Cerda,
686 3990 754 4048 gez.
802 3971 852 4028 De
880 3968 971 4029 Varo
999 3990 1027 4027 v.
1048 3969 1119 4028 Exc.
1143 3966 1182 4028 ad

155 4073 205 4131 vix
231 4067 341 4138 video,
380 4069 538 4149 quomodo
565 4092 648 4131 com·
689 4073 753 4132 Ecl.
781 4072 827 4131 VI
857 4093 903 4152 pr.
937 4072 1086 4131 Meritum
1115 4075 1181 4132 eiua

156 4171 250 4234 modo
264 4169 324 4233 fiat.
363 4168 411 4230 Ita
425 4167 514 4232 eliet:
535 4189 649 4256 poetae
689 4173 815 4259 aliquod
847 4171 934 4238 iuiffe
976 4190 1108 4257 apparet
1146 4179 1180 4234 in
