2700 4906
338 285 416 392 750
487 279 865 388 „ttvtncttn
895 279 1176 364 utuours

234 521 237 527 .
343 472 514 572 Adligat,
551 483 591 541 et
610 469 747 541 nonies
776 466 867 561 Styx
899 470 1083 547 interfusa
1110 498 1272 555 coercet.
1319 493 1350 570 l:

347 615 454 710 Quin
479 601 579 704 iplae
603 597 776 701 stupuere
802 603 940 680 domus
967 628 1088 710 atque
1115 616 1249 687 intima
1268 621 1343 694 Leti

347 731 524 829 Tartara,
554 735 829 840 caeruleosque
850 742 1029 843 inplexae
1051 747 1223 822 crinibus
1256 803 1260 813 1
1301 761 1347 846 2'

348 872 599 962 Eumenides,
636 878 833 975 tenuitque
851 877 1000 952 inhians
1027 884 1100 953 tria
1116 885 1301 963 Cerberus
1319 917 1350 965 ot

352 1018 480 1112 Atque
504 1011 642 1080 Ixionii
665 1028 780 1083 vento
803 1027 887 1084 rota
913 1009 1081 1087 constitit
1112 1017 1230 1094 orbis.

354 1179 415 1236 Ata.
430 1191 489 1232 tert.
531 1174 564 1228 Ᾰι
583 1173 716 1247 vulgatum
736 1172 795 1248 poll
815 1175 946 1249 antiquill.
969 1177 1069 1241 libror,
1105 1198 1134 1237 et
1151 1183 1221 1239 inter
1238 1185 1289 1242 hat
1315 1215 1319 1233 ·
1347 1244 1350 1252 ,

353 1266 443 1319 vatic.
477 1260 569 1333 (quod
600 1274 626 1313 et
653 1255 750 1313 andan
773 1261 886 1326 habet),
921 1262 1043 1319 defendit
1064 1269 1149 1321 etiam
1172 1273 1290 1326 Macrab.
1310 1275 1342 1326 ltl

353 1350 426 1405 Gell.
441 1349 475 1409 ll,
490 1348 516 1408 6,
545 1345 657 1398 imitatio
677 1346 781 1407 Ouidii,
815 1354 970 1400 lnamaeaa
992 1369 1103 1422 regna,
1138 1370 1166 1408 et
1189 1363 1252 1410 Am,
1275 1359 1318 1415 Vl,
1341 1396 1344 1403 s

353 1432 451 1488 vbivss.
467 1443 525 1502 479.
541 1432 593 1497 480
609 1431 842 1503 iterumleguntur.
894 1433 988 1499 idola
1003 1447 1133 1491 aculens
1148 1442 1229 1496 llam.
1288 1446 1332 1510 481

354 1529 406 1594 φα
430 1516 509 1588 ipsae
526 1514 616 1568 Schol.
636 1517 726 1569 Horat.
745 1518 844 1588 Cruqu.
860 1516 961 1580 0d.11,
981 1521 1020 1573 13.
1062 1521 1200 1593 stiauere
1222 1529 1328 1582 Mentel

354 1621 382 1660 vt
406 1604 450 1657 alii
470 1601 543 1654 elias.
580 1597 747 1672 obstupuere
763 1600 930 1654 rnuaMead.
968 1604 1219 1665 domoaliotteud
1234 1635 1273 1683 pr.
1289 1635 1345 1668 ant.

353 1691 396 1745 10.
411 1685 548 1742 Schrader·
564 1688 633 1737 cani.
657 1694 758 1740 intima
776 1688 839 1739 Leti
856 1688 985 1750 Limina,
1008 1693 1203 1764 pereleganter.
1272 1702 1320 1766 48ι
1344 1729 1350 1743 ·

264 1793 268 1801 ·
357 1776 501 1844 relataque
520 1770 618 1824 Medic.
644 1789 716 1824 ant.
732 1790 773 1843 pr.
819 1791 873 1840 que
895 1771 1003 1827 abella
1029 1779 1124 1831 Frena.
1148 1797 1176 1835 et
1195 1782 1287 1854 fragm.
1306 1787 1349 1838 llo

355 1869 491 1930 impexae
507 1855 606 1910 Medic.
632 1874 700 1910 am.
720 1855 769 1910 lec.
803 1856 873 1910 Gud.
894 1875 910 1909 a
929 1877 966 1910 m.
989 1879 1031 1931 pr.
1051 1863 1130 1918 vau.
1157 1887 1218 1920 cum
1244 1871 1322 1923 tribua

355 1945 473 2005 Heinlii,
494 1942 611 1995 Parthas.
648 1941 729 1996 Pollit
750 1941 844 2014 aliquit
858 1941 996 1997 Tibullum
1015 1947 1129 2002 laudare
1147 1954 1170 2013 1,
1187 1956 1212 2013 ὅ,
1229 1958 1279 2025 69,
1304 1955 1342 2008 [ed

354 2029 458 2085 diuersa
479 2029 547 2082 tatio
566 2026 611 2081 est.
632 2027 684 2081 vid.
706 2027 740 2080 ad
760 2047 783 2081 e.
802 2025 821 2078 l.
867 2031 1027 2098 implexae,
1066 2039 1145 2107 quod
1168 2039 1285 2112 Nauget.
1312 2069 1349 2086 ι·

355 2113 491 2186 expromt,
514 2131 602 2165 veruta
618 2110 668 2173 ast.
700 2129 726 2166 et
746 2111 832 2166 flnnat
852 2130 912 2184 para
931 2116 1009 2169 codd.
1032 2120 1147 2184 melior,
1185 2126 1267 2178 etiam
1294 2153 1296 2155 ·
1325 2134 1350 2171 ·t

307 2236 310 2241 -
355 2199 476 2258 Melliua.
511 2197 614 2250 Eadem
630 2197 729 2252 alludit<
743 2200 893 2268 amplexae
913 2200 940 2252 in
961 2204 1098 2258 nonnullis
1120 2209 1268 2273 Pieriania,
1293 2232 1325 2284 qu
1346 2239 1350 2256 ·

355 2284 447 2340 Heius.
464 2285 529 2354 neg.
551 2283 658 2335 Mittin.
678 2284 731 2337 Eri.
753 2300 779 2338 et
803 2282 870 2335 Edd.
892 2284 1015 2340 Norimb.
1043 2293 1155 2361 Argent.
1183 2297 1264 2350 Aldd.
1287 2317 1323 2369 pr.

356 2385 383 2424 et
405 2368 489 2422 Goth.
512 2386 551 2436 pr.
601 2375 742 2431 lanceae,
772 2369 844 2441 quod
862 2370 999 2426 Romanae
1017 2373 1116 2438 habet,
1151 2396 1179 2432 et
1200 2380 1350 2451 fragani?

250 2526 255 2535 .
353 2454 393 2508 est
424 2455 691 2523 interpretamentum.
751 2456 812 2508 Erat
843 2454 878 2508 fic
906 2460 971 2509 Aen.
997 2459 1045 2521 Vl,
1072 2464 1123 2516 281
1180 2466 1320 2520 Discordia

354 2558 469 2613 pereum
493 2546 597 2589 crinem
619 2546 700 2590 vittis
727 2547 835 2593 tnnexa
863 2553 992 2595 cruentts.
1082 2549 1138 2614 483
1159 2571 1215 2621 que
1234 2552 1293 2624 post
1314 2571 1340 2605 se

356 2625 429 2680 abest
448 2643 463 2676 ι
484 2621 661 2675 nonnullia.v
687 2626 791 2687 Burm„
830 2626 908 2679 etiam
931 2629 1001 2697 apud
1023 2631 1159 2696 Pieriam,
1192 2654 1220 2690 et
1239 2656 1308 2692 recte
1326 2660 1350 2711 ρ·

356 2713 409 2781 484
428 2712 479 2763 Ριο
500 2725 585 2762 vento
607 2709 688 2762 Faber
702 2713 805 2774 velox,
826 2714 993 2768 Burmannus
1009 2733 1110 2781 cantu,
1133 2725 1227 2785 lente,
1248 2725 1288 2776 vel
1301 2745 1343 2778 cr»

354 2863 503 2916 coercet,
530 2850 682 2930 implicat,
712 2853 851 2931 impedit,
896 2868 964 2915 tato
981 2875 1066 2915 nunc
1082 2863 1166 2939 agit3
1195 2870 1346 2943 praemitti

353 2948 524 3011 vt¹Statius
549 2953 655 3010 etalii
682 2952 742 3013 hoc
769 2956 850 3014 idem
895 2977 1038 3038 quoque,
1076 2968 1161 3042 quin
1220 2967 1310 3044 ipsae
1346 2999 1350 3014 ι

355 3051 500 3114 efferunt.
553 3054 634 3133 Styx
661 3059 777 3116 nonies
803 3061 851 3116 ia·
894 3078 967 3116 mus
993 3060 1070 3119 Leti
1099 3080 1136 3121 et
1165 3068 1288 3127 intima
1321 3072 1350 3127 Τ

354 3157 495 3234 terfusa,
526 3155 599 3215 dum
621 3162 731 3217 nouies
756 3159 852 3218 ambit
893 3173 982 3226 tara,
1006 3161 1199 3240 splendidius
1214 3168 1285 3242 ltoc,
1306 3193 1344 3254 qu

351 3257 499 3319 Erebum,
548 3258 618 3317 lloc
640 3259 779 3319 vltimum
800 3284 851 3321 ex·
892 3263 1000 3320 intima
1014 3264 1095 3338 loca,
1109 3275 1294 3348 penetralia.
1322 3277 1349 3332 T

351 3365 489 3439 primere
526 3359 653 3419 voluere
689 3362 850 3427 Claudian.
892 3375 990 3423 tarum
1016 3368 1094 3426 Leti
1122 3370 1260 3434 domum
1290 3398 1346 3457 app

350 3460 507 3529 XXXIII,
531 3462 572 3523 23
604 3483 686 3543 qttos
710 3466 791 3544 Styx
812 3467 851 3523 Ii·
892 3465 956 3525 lare
975 3476 1097 3549 potuit,
1119 3491 1153 3534 vt
1171 3478 1245 3537 alias
1260 3479 1328 3538 Orci

351 3563 509 3621 ventibus
541 3562 648 3621 ambit
681 3568 850 3646 Interfusa
892 3573 952 3650 gia,
973 3572 1135 3635 Furiarum
1156 3580 1278 3652 domus,
1301 3604 1348 3641 eu

271 3679 273 3682 ⁴
352 3664 463 3733 vadai,
485 3682 517 3725 et
538 3665 651 3725 Statius
673 3666 772 3730 Theb.
793 3670 847 3744 lv,
890 3671 989 3730 Aliter
1018 3677 1100 3738 Aen.
1131 3680 1194 3754 VI,
1223 3706 1299 3763 277,

349 3770 416 3844 524
457 3769 503 3826 Et
526 3766 607 3844 Styx
628 3766 778 3831 discretis
799 3776 850 3832 in·
889 3773 1008 3833 Letum
1031 3783 1064 3839 in
1090 3786 1197 3862 primo
1219 3786 1291 3847 Orci
1310 3809 1338 3846 a·

350 3867 471 3950 terflua
485 3867 642 3926 Manibus
659 3889 761 3940 errat,
890 3877 1032 3940 collocat
1083 3883 1224 3970 Reliqua
1256 3891 1294 3950 de
1318 3892 1350 3948 T¹

390 3974 464 4048 481.
498 3971 590 4050 ipsae
610 3968 747 4035 domata:
775 3977 846 4036 Plu·
888 3992 956 4040 taro
985 3984 1158 4071 utrobique
1195 3998 1326 4054 conueni

344 4077 426 4131 tonia
447 4078 531 4156 regia
552 4071 603 4132 len
632 4097 762 4159 regnum
785 4077 845 4139 elle
886 4102 916 4140 v.
936 4086 999 4147 555
1024 4086 1091 4171 sqq.
1162 4099 1241 4171 485.
1265 4100 1298 4154 a‘n
1338 4125 1350 4141 a

343 4169 477 4250 poffint;
521 4178 682 4242 enimuero
707 4180 747 4242 de
768 4182 858 4274 Tar-U
885 4181 983 4267 limpl.
1000 4186 1102 4253 hians.
1154 4200 1235 4279 484.
1264 4201 1350 4263 Vera
