2692 4914
304 294 597 385 Buconica
629 251 829 384 scmv
1000 330 1102 408 ,ιω

89 504 93 510 ’
150 498 240 558 ‘Non
264 497 435 556 oraculum
457 496 596 575 Sibyllae
608 492 675 572 sed
696 492 831 569 Hefiodi
851 509 994 575 quatuor
1014 515 1108 574 aeta·

74 619 123 662 tes
145 625 172 662 a
197 607 343 663 Marone
365 605 481 686 respici
504 599 723 662 contendebat
742 599 868 659 Fabric.
888 603 923 659 in
943 604 1023 662 Bibl.
1048 605 1107 666 Gr.

73 713 164 769 Tam.
190 715 222 779 1,
240 715 296 777 δι,
316 730 363 790 19.
413 711 516 770 Fuere
538 725 648 768 tarnen
670 708 767 766 buius
788 711 919 784 generis
937 726 970 767 et
992 727 1109 771 vatttm

63 832 100 876 et
118 831 309 897 poetarum
332 816 419 894 lusus
440 816 536 875 multi
555 817 623 877 alii.
671 819 710 875 In
733 815 802 895 ipso
824 835 954 896 quoque
969 816 1109 892 Hsfiodo

60 945 133 981 non
150 924 252 1001 satis
273 938 392 1004 aperta
412 921 456 1000 ‘st
476 937 623 981 aetatum
649 924 755 994 ratio,
800 920 873 980 loco
892 923 990 1000 forte
1009 925 1110 981 inter·

53 1030 202 1112 palato.
247 1031 303 1088 De
325 1029 522 1105 obscuritate
540 1031 695 1087 carminis
711 1049 886 1110 perperam
906 1049 1112 1111 conquerun-

56 1154 122 1195 tur
137 1138 306 1196 honanes
327 1134 433 1209 docti,
474 1133 742 1218 quandoquidem
767 1135 830 1195 hoc
856 1134 960 1217 ipsum
988 1135 1038 1195 ad
1053 1156 1112 1195 aa»

53 1244 183 1302 sicinii
208 1240 355 1300 indolem
372 1244 536 1321 pertinet,
562 1257 601 1300 ut
620 1263 683 1322 per
702 1243 857 1321 ambages
881 1241 1054 1319 obscurata
1064 1241 1114 1317 fit

53 1352 198 1408 oratio.
251 1349 332 1406 Tum
344 1369 424 1408 vero
437 1346 585 1425 singulos
601 1348 714 1428 versus
728 1347 775 1409 ad
784 1348 956 1427 singulare
974 1345 1115 1432 aliquod

51 1456 215 1533 istoriam
235 1469 421 1531 temporum
436 1456 572 1535 factum
591 1445 871 1530 reuocare‘velle,
915 1477 982 1515 non
1005 1458 1115 1514 minus

49 1566 173 1623 inane
188 1558 344 1637 studium
366 1558 424 1637 esi,
454 1582 552 1643 quam
575 1558 667 1643 quod
686 1563 879 1641 interpretes
902 1563 1114 1621 oraculorum

40 1672 253 1749 sacrorum
262 1667 363 1748 seqru
382 1664 514 1736 uideas,
548 1687 622 1724 curn
661 1665 774 1743 iugula
797 1667 1035 1748 phantasmata
1055 1690 1114 1727 va*

55 1794 164 1844 tvm,
197 1790 375 1854 tamquam
391 1773 424 1847 fi
446 1775 481 1832 in
501 1771 678 1830 annalibus
703 1774 809 1831 Taciti
828 1773 969 1830 alicuius
988 1775 1119 1850 versen-

57 1900 145 1950 tur,
183 1883 280 1939 inter
297 1879 383 1958 ipsas
405 1900 456 1937 res
473 1877 578 1958 gestas
602 1878 752 1956 referunt
758 1921 769 1950 ,
809 1892 842 1935 et
865 1882 999 1959 poetica
1020 1901 1117 1939 ornas·

59 2003 196 2048 menta
218 1984 271 2044 ad
279 1986 454 2064 factorum
467 1985 574 2065 fidem
598 1984 783 2064 explorant.
825 1982 939 2044 Etiam
954 1986 1116 2045 Loutltius

59 2099 217 2156 Summe
239 2091 279 2151 V
274 2112 323 2148 en.
346 2090 453 2170 Epist.
473 2089 613 2156 Londin,
635 2090 797 2151 Praelect.
819 2093 905 2151 ΧΧΙ
927 2092 1056 2152 erudite
1076 2092 1119 2152 de

59 2203 137 2261 nac
159 2197 298 2275 Ecloga
323 2198 411 2273 agit,
455 2217 591 2279 eamque
618 2200 750 2255 omuino
781 2197 930 2279 expediri
955 2200 1046 2281 poffe
1063 2221 1120 2260 ne·

59 2323 155 2388 gat,
179 2325 246 2363 nec
267 2303 405 2363 metitum
419 2300 525 2379 abest,
552 2305 633 2385 quin
647 2301 714 2378 fibi
728 2303 946 2384 persuadeat,
965 2326 1031 2382 uqa
1045 2303 1120 2381 stne

62 2417 151 2475 veri
174 2409 238 2470 dei
255 2409 373 2488 affiatu
394 2428 465 2468 eam
478 2408 644 2490 scriptam
663 2408 745 2488 effic:
790 2411 913 2472 Contra
933 2432 1032 2493 quam
1042 2412 1122 2489 sen·

66 2521 229 2580 tentiam
251 2514 455 2597 disprttatum
482 2512 526 2591 est
553 2535 658 2595 nuper
677 2512 842 2591 singulari
869 2516 978 2576 libello
1006 2520 1121 2589 avire

69 2626 206 2690 docto,
244 2623 325 2681 Sam.
356 2622 487 2704 Henley.
553 2621 588 2679 St'
615 2622 686 2703 quis
708 2625 959 2706 tamen-animo
981 2612 1120 2705 reputet}

70 2735 231 2791 aliomm
261 2750 390 2811 quoque
416 2727 631 2810 populorum,
670 2742 803 2800 praeter
830 2728 988 2800 Iudaeos,
1028 2745 1122 2787 cates

74 2854 114 2896 et
150 2837 320 2894 vaticinia
355 2835 430 2893 olim
460 2833 565 2915 fitiffe
590 2854 773 2916 permagno
802 2829 956 2903 numero,·
1010 2851 1123 2894 eorum

57 2964 190 3025 ‚porro
214 2955 331 2998 vatum
351 2943 485 3018 ingenia
504 2962 571 2999 uon
589 2944 696 2998 tainus
717 2940 885 3019 incaluiffe
907 2941 1124 3022 pbantosma·

81 3049 177 3109 tibus
209 3062 241 3104 et
264 3045 339 3121 vifis
362 3048 519 3128 poeticis,
551 3047 615 3125 seu
641 3047 809 3127 poeticum
831 3062 986 3104 ornatum
1005 3044 1126 3105 admit·

82 3152 257 3219 tentibus:
296 3155 487 3235 quotiesque
506 3155 543 3211 in
564 3151 679 3212 eodem
698 3167 890 3230 argumento
907 3152 970 3228 seu
992 3153 1128 3212 calami·
1211 3200 1218 3218 .

84 3277 203 3321 tatum
221 3256 524 3339 praedicendarum
541 3260 605 3336 seu
630 3259 808 3339 felicitatis
836 3259 990 3340 publicae
1012 3261 1128 3341 priuag·

87 3385 217 3450 tueque
246 3362 465 3441 ostendendae
485 3366 711 3443 versarentur,
754 3368 931 3449 neceffario
944 3368 990 3426 'iu
1011 3365 1126 3425 eadem

90 3494 208 3534 rerum
230 3471 469 3553 phantasmata
489 3494 544 3531 eos
566 3472 713 3531 incidere
741 3473 902 3554 deburffe:
946 3494 1014 3531 non
1040 3472 1126 3539 adeo

91 3578 294 3647 mirabitur,
321 3576 537 3639 adumbratas
559 3579 620 3660 effe
639 3583 675 3639 in
695 3579 757 3640 boc
777 3582 938 3653 carmine,
965 3594 1003 3638 vt
1021 3583 1057 3638 iu
1077 3592 1128 3639 tot

95 3682 218 3754 alus)
246 3705 356 3743 rerum
390 3685 520 3768 species
553 3707 595 3745 ac
624 3687 758 3772 formas
797 3708 839 3745 ex
875 3700 987 3746 aetate
1025 3705 1131 3746 aurea

10 3758 13 3823 l
94 3797 205 3876 iisque
230 3789 375 3868 similes,
425 3813 512 3875 quae
549 3794 585 3851 iu
622 3793 795 3852 Hebraicis
835 3793 967 3853 vatibus
1018 3812 1129 3851 occur·

98 3914 200 3967 runt:
234 3913 271 3957 ut
300 3897 386 3957 illud
411 3914 557 3974 taceam,
601 3901 636 3958 in
666 3921 787 3978 magno
814 3902 871 3960 illo
897 3899 1130 3980 Sibyllinorum

101 4007 316 4065 oraculorum
335 4026 488 4080 numero,
510 4023 605 4090 quem
620 4006 734 4088 paullo
753 4023 832 4066 ante
845 4006 1006 4073 vidimus,
1027 4006 1132 4064 multa

104 4115 168 4193 effe
197 4110 344 4192 deburffe
370 4135 393 4173 a
416 4114 503 4193 Syris
524 4130 557 4174 et
579 4112 712 4174 Iudaeis
732 4115 919 4176 bominibus
936 4127 1131 4196 propagata
