2692 4914
341 90 365 129 ⁴.-

103 312 179 388 218
305 270 626 408 evrnornir
652 302 916 381 nunonis

34 541 36 544 ·
112 493 237 584 Galle,
275 493 367 594 quid
389 491 546 570 insanis?
583 497 737 593 inquit,
755 508 817 562 tua
839 513 928 579 cura
948 491 1103 580 Lycoris

112 633 264 729 Perque
303 634 409 704 niues
448 629 561 703 aliurn
592 651 738 729 perque
770 621 923 697 horrida
953 621 1068 697 castra
1096 620 1148 696 se«

735 766 822 822 outa
844 744 906 820 est.

118 887 232 961 Venit
255 903 293 959 et
314 879 443 982 agresti
465 887 594 983 capitis
617 882 788 957 Siluanus
816 882 965 954 honore

120 1020 302 1095 florentis
323 1017 458 1092 [endas
478 1035 515 1091 et
543 1015 696 1115 grandia
721 1016 799 1088 lilia
822 1011 1001 1116 quallans.
1105 1010 1154 1083 25

122 1156 204 1229 Pan
224 1151 315 1224 deus
338 1151 519 1241 Arcadiae
540 1155 659 1224 venit:
701 1175 812 1254 quern
835 1147 992 1221 vidimus
1014 1142 1082 1246 ipst

125 1287 345 1383 Sanguineis
367 1285 468 1359 ebuli
489 1285 613 1360 baccis
636 1289 830 1383 minioque
851 1282 1061 1356 rubentem.

128 1467 181 1519 eibi
200 1463 306 1519 verrit?
339 1468 466 1537 Apollo.-
493 1468 586 1524 Galla.
622 1468 683 1521 eliis
711 1481 831 1540 rogant.-
862 1467 925 1520 itta·
944 1473 1024 1519 verrit
1039 1466 1161 1534 Apollo.

127 1551 249 1623 Vtroque
270 1550 352 1604 modo
373 1554 457 1607 orario
478 1553 550 1609 erilis
572 1553 695 1608 redditur.
771 1553 803 1605 23
824 1553 933 1622 Perque
953 1561 1033 1604 niues
1056 1554 1164 1615 Alpem

130 1642 200 1694 coni.
217 1639 345 1694 Schottus
361 1636 424 1692 obs.
438 1641 471 1700 11,
484 1648 510 1707 4,
528 1638 605 1693 male.
682 1647 716 1705 ²4
735 1645 823 1708 capnt
835 1638 940 1707 Menag.
1014 1639 1049 1691 25
1067 1640 1166 1689 vr'olar

50 1729 51 1732 ’
131 1744 182 1800 pro
200 1724 319 1797 setulas
339 1725 423 1778 Goth.
444 1723 509 1787 lec„
538 1723 582 1778 led
599 1725 650 1777 rid.
671 1725 738 1778 Not.
812 1726 847 1777 26
865 1721 998 1775 Arcadla
1016 1740 1068 1776 rer.
1092 1723 1164 1778 cod.

134 1810 235 1866 Brnbii
248 1811 277 1864 in
288 1810 394 1866 Aduers-
407 1812 476 1876 XLI,
490 1815 533 1875 26,
552 1809 630 1863 mala.
698 1826 730 1880 ²7
748 1810 825 1862 saon
838 1809 920 1863 ethic
936 1808 1020 1863 multi.
1062 1818 1164 1863 ur‘mr'o-

137 1914 193 1968 quo
209 1894 316 1950 Medic.

136 2032 282 2117 ἔρασσαις
299 2054 327 2095 ν.
339 2036 391 2112 78.
430 2038 480 2105 ²3·
495 2036 532 2102 cf,
546 2059 575 2101 v.
591 2045 653 2116 47·
675 2036 768 2096 Ouid.
789 2029 864 2094 Fall.
884 2032 916 2106 1,
938 2040 1009 2111 412.
1037 2032 1094 2107 III,
1116 2036 1168 2112 84.

139 2150 174 2196 et
198 2139 378 2218 Argument.
430 2145 477 2216 ²4·
515 2139 635 2218 agresti
675 2141 792 2199 Eximio
820 2157 890 2196 cunr
916 2131 1074 2196 venustate
1105 2135 1171 2197 hoe

139 2240 260 2318 eapitis
298 2237 451 2297 Siluanus
493 2240 634 2314 horrore,
676 2241 758 2301 idem
801 2238 955 2299 transtulit
994 2237 1171 2301 Columella

140 2354 266 2400 ornatus
301 2337 380 2400 serto
415 2362 434 2401 e
466 2342 569 2405 ferulis
603 2360 636 2404 et
676 2346 725 2417 X,
747 2345 790 2420 43
829 2342 929 2400 Satur
948 2339 1174 2411 Auctumnur,

141 2439 221 2502 liliis.
264 2441 311 2501 Ite
331 2440 443 2504 scilicet
464 2458 533 2505 eta
561 2467 639 2526 poe·
679 2444 831 2529 quaffurrs
848 2441 918 2519 sua
944 2456 1094 2521 tempora
1111 2467 1172 2524 po·

100 2530 111 2544 ⁸
141 2545 180 2602 tis
202 2557 233 2601 et
254 2545 288 2603 in
309 2543 410 2624 priscis
430 2555 638 2610 monumentis
679 2551 750 2620 mis,
772 2562 802 2607 et
816 2546 1011 2629 Hymenaeus
1026 2566 1175 2606 marren.

141 2643 284 2705 Siluanus
303 2644 480 2723 exhibetur,
504 2664 536 2708 vt
552 2671 640 2712 coro·
680 2666 729 2711 tes
745 2650 840 2730 cupio
862 2645 1014 2728 quaffare
1033 2669 1176 2708 coronas

144 2763 218 2804 narn
245 2765 283 2807 ex
308 2747 469 2834 frondibus
492 2751 637 2825 arboreis,
681 2776 730 2835 ap.
762 2749 923 2812 Claudien.
958 2749 1086 2824 xxm,
1123 2755 1174 2831 96.

145 2862 199 2907 aut
235 2850 401 2931 grandibus
437 2853 565 2915 floribus
607 2870 640 2915 et
682 2857 827 2914 Ceterum
848 2857 881 2912 in
902 2850 948 2912 his
968 2849 1103 2912 irersrbus
1126 2875 1178 2915 co·

89 3004 92 3010 .
146 2950 347 3013 anrndinibus
391 2972 493 3038 gerat,
515 2982 520 2991 ·
544 2977 639 3017 manu
680 2959 730 3018 lor
757 2958 864 3018 ductus
892 2954 952 3017 elle
986 2955 1110 3015 videtur
1138 2955 1177 3014 ab

146 3049 199 3128 (cf.
215 3053 329 3137 Georg.
346 3056 370 3129 l,
388 3063 440 3138 κο)
470 3057 640 3140 cuprellurn
683 3057 788 3143 Odyff.
811 3085 844 3129 ru,
874 3061 915 3122 58
943 3058 1005 3142 sqq.
1055 3059 1177 3118 Ferrrla

147 3166 200 3210 sut
226 3154 317 3215 aliurn
347 3158 463 3222 arboris
498 3178 641 3222 truncum
683 3177 782 3222 autem
803 3160 913 3234 frutex,
942 3161 1022 3221 foliis
1039 3160 1179 3221 foenicu-

147 3264 263 3312 teneat.
317 3257 368 3315 Sic
397 3282 513 3323 corona
548 3268 640 3343 pinea
683 3265 726 3336 lo,
756 3263 854 3344 specie
881 3278 914 3324 et
939 3262 992 3322 vsu
1020 3265 1180 3341 arundini-

108 3376 110 3379 ·
148 3367 296 3414 oneratur
323 3359 357 3416 in
384 3378 461 3423 noto
488 3385 641 3425 marmore
682 3365 751 3439 bus,
775 3365 884 3449 quibus
905 3385 963 3445 pro
984 3363 1101 3426 baculis
1125 3370 1182 3424 vti-

149 3471 199 3533 ap.
215 3453 360 3518 Boillard
388 3460 427 3519 Τ.
444 3464 496 3538 W,
518 3489 549 3547 p.
571 3471 640 3543 134,
682 3489 767 3542 mur,
810 3465 930 3536 limilis3
987 3467 1184 3528 Graecomm

149 3570 182 3614 et
195 3557 316 3617 Gruter.
333 3580 364 3638 p.
379 3562 497 3636 thtt,
518 3591 580 3649 quo
598 3585 642 3629 ta·
685 3563 812 3655 νάρθηξ.
829 3569 1000 3632 cf.Mnrrin.
1026 3567 1114 3629 Nihil
1128 3590 1183 3628 au·

148 3677 223 3716 men
246 3657 356 3720 eodem
384 3660 490 3725 habitu
510 3670 574 3729 Pan
596 3675 642 3730 in·
684 3689 746 3732 tem
762 3677 836 3733 noui
845 3715 855 3745 ,
885 3691 1014 3731 coronas
1034 3691 1072 3730 er
1089 3691 1184 3729 arun·

150 3759 272 3819 tardum
288 3760 413 3844 infignis
429 3763 481 3826 est.
519 3770 568 3828 Sic
583 3774 643 3831 Lu·
685 3773 824 3845 dinibus,
852 3773 1013 3835 frondibus
1033 3770 1184 3844 arlioreis,

151 3875 223 3922 eret.
237 3861 291 3935 IV,
310 3865 389 3944 591,
417 3890 509 3949 quern
527 3874 644 3952 expres·
686 3873 745 3935 elle
767 3877 868 3935 lactas.
908 3876 1092 3956 Comparari
1107 3894 1188 3956 quo·

150 3958 215 4024 fille
251 3960 281 4023 h.
319 3964 340 4024 l.
372 3966 474 4030 noster
510 3974 643 4035 viderur:
687 3997 827 4059 quecurn
844 3976 889 4037 his
903 3975 1028 4058 pollunt
1047 3975 1098 4034 illa
1113 3976 1187 4037 Mo·

152 4066 227 4126 Pan
241 4067 347 4128 Pinea
358 4070 512 4146 semiferi
528 4080 646 4158 capitis
687 4077 748 4139 lclri
767 4081 855 4163 Idyll.
878 4079 963 4152 XLV,
981 4081 1020 4161 ²6.
1033 4078 1099 4162 sqq.

153 4172 322 4232 voluerim
361 4175 522 4256 qrurffirus.
574 4181 645 4242 add.
733 4203 784 4263 ²7·
804 4182 986 4268 rubentem,
1005 4183 1043 4242 cl.
1061 4182 1130 4264 sup.
1148 4182 1189 4242 ad
