2692 4914
339 310 1010 405 ‘onono1conn1n.1,1-e
1045 286 1052 299 '
1125 312 1211 412 275·
1262 288 1264 293 ’

164 498 267 578 Hine
291 526 427 578 canere
455 506 642 610 incipiam.
703 505 797 596 Vos,
833 526 857 574 o
880 498 1199 592 clarissimanun·

164 772 335 862 Lumina,
360 770 549 847 lebentem
569 769 678 848 coelo
698 796 794 872 quae
815 771 947 850 ducitis
972 794 1122 860 annum,

163 966 245 1019 iamt
262 965 347 1025 Pierio
370 967 522 1021 conuulsum
544 966 641 1021 sustulit
663 982 688 1019 et
708 964 821 1020 Medicei
843 981 869 1018 et
889 965 1049 1036 optimorum
1070 961 1195 1015 librorum
1255 1010 1264 1026 ,

163 1052 320 1104 anctoritate
338 1053 427 1105 Heini'.
450 1054 520 1106 coni,
540 1053 573 1105 ed
588 1053 642 1106 Eci.
658 1055 690 1112 ll.
706 1053 748 1106 53.
782 1059 881 1121 potori
903 1064 1011 1121 quanta
1032 1049 1132 1116 apibus
1152 1045 1195 1099 ed.

161 1136 232 1187 Ven.
267 1135 421 1204 paruistiii
436 1136 525 1210 legunt
540 1157 581 1209 ap.
598 1137 774 1208 Stephanum
804 1153 859 1187 non
880 1136 1002 1196 inuenio,
1029 1134 1135 1206 quinem
1155 1129 1195 1184 ilii

161 1219 221 1273 fint.
258 1218 384 1288 Reposuit
403 1238 491 1275 temen
509 1221 616 1274 Wakei.
649 1229 748 1290 paucis
764 1220 862 1288 Mendii
883 1218 955 1280 liber,
981 1234 1008 1274 vt
1027 1217 1071 1272 iit:
1094 1223 1195 1288 paneis

162 1304 231 1362 hine
246 1324 348 1357 cauere
364 1313 516 1377 incipiam
543 1305 615 1378 quod
636 1305 701 1359 exile
720 1303 789 1362 eil'et,
857 1307 875 1360 6
897 1305 1046 1365 „Numina
1066 1302 1124 1364 fuit,
1150 1299 1194 1354 sed

162 1389 333 1451 „emendant
343 1391 411 1460 ipse,
432 1393 493 1464 quia
510 1389 596 1469 postea
609 1409 632 1442 v.
651 1408 680 1448 ιο
692 1391 741 1443 ait:
771 1405 797 1442 et
809 1409 862 1445 vos
877 1387 1016 1466 agrestum
1030 1389 1193 1462 praesentia

162 1483 297 1538 ‚metina
315 1474 447 1538 Fauni,“
480 1477 547 1534 inter
569 1476 693 1529 Seruiana
710 1474 810 1546 legitut.
860 1475 951 1530 intulit
966 1469 1060 1532 ¹temen
1079 1490 1107 1529 et
1130 1473 1193 1536 hnc,

161 1647 211 1704 tia
225 1642 343 1717 apibus
357 1642 393 1704 ie.
410 1641 574 1719 habendis,
604 1642 657 1703 seu
698 1648 772 1703 enni
820 1639 1003 1704 efficiuntur.
1075 1639 1193 1703 Habuit

162 1767 252 1827 epum
268 1745 480 1806 habendarum
498 1745 537 1805 ed
558 1745 656 1805 melii-
698 1760 769 1804 ente
799 1745 904 1805 oculos
932 1744 1032 1805 versuo
1056 1744 1192 1802 Lucretii
1263 1811 1267 1820 ,

160 1847 260 1907 ficium
290 1844 342 1917 fit;
390 1870 448 1929 pro
476 1867 558 1906 cum
587 1845 656 1906 iub·
696 1847 736 1919 V,
761 1848 839 1923 1435
852 1876 895 1891 -·
919 1847 1008 1922 1438.
1073 1832 1192 1903 Sidera

159 1956 256 2011 iunxit
293 1949 390 2020 eliud,
439 1949 523 2031 quod
562 1968 654 2028 epum
696 1968 836 2020 onmem,
878 1951 1005 2029 eiusque
1028 1960 1189 2027 tempora,

159 2054 251 2114 cultui
274 2049 540 2112 accommodatum
569 2046 652 2122 effet,
697 2046 911 2110 viciiiitndinee
933 2071 969 2109 ee
991 2065 1104 2130 partes,
1134 2048 1190 2108 du·

158 2156 394 2237 experientiam
412 2168 444 2212 et
463 2150 561 2223 vium,
590 2171 654 2232 quo
697 2172 765 2212 cere
771 2194 781 2225 ,
824 2167 980 2234 tamquam
1018 2166 1127 2235 regent
1157 2163 1191 2213 et
1283 2174 1286 2178 ’

156 2255 389 2317 mellificationis
418 2256 496 2313 ratio
534 2253 652 2312 exculte
694 2254 910 2329 moderentur,
962 2253 1097 2314 sollenne
1134 2247 1187 2314 est.

157 2356 207 2418 est
268 2359 383 2437 Georg.
405 2354 450 2413 IV
455 2397 466 2427 ,
494 2357 566 2416 315.
588 2353 652 2417 516
694 2357 775 2415 coni.
804 2357 905 2417 Burm.
960 2357 1083 2417 Scilicet
1109 2375 1188 2437 quo·

159 2457 327 2542 Qnisdens
339 2457 568 2534 liano,Musae,
578 2458 652 2537 quis
692 2462 775 2517 niem
791 2474 862 2519 ortu
878 2460 929 2519 ille
952 2475 983 2519 et
1004 2456 1111 2521 occasu
1133 2457 1187 2518 suo

156 2561 249 2619 nobis
264 2558 394 2617 extudit
409 2557 524 2618 ortem?
553 2555 651 2618 Vnde
691 2564 771 2620 vices
799 2558 866 2621 istas
894 2577 1068 2640 temporum
1090 2556 1186 2640 defig-

157 2682 243 2720 nono
284 2660 441 2741 ingreffus
480 2660 648 2717 hominum
690 2679 775 2726 nant.
844 2664 1009 2744 Argutetur
1043 2659 1184 2721 Mecrob.

156 2767 342 2843 experientia
392 2762 507 2841 cepit?
569 2757 647 2818 Nam
689 2764 714 2836 I,
732 2769 769 2827 16
784 2780 877 2837 em,
912 2767 965 2845 qui
982 2778 1117 2823 veterem
1139 2763 1185 2821 lu.

155 2886 244 2945 epum
277 2866 481 2942 experientia,
524 2859 578 2921 etfi
612 2865 647 2920 iis
688 2886 794 2926 narem
831 2882 863 2926 et
900 2886 1018 2925 nouum
1055 2864 1184 2923 solerem

154 2970 253 3050 aliqua
276 2965 368 3024 Uibui
389 2959 505 3043 Potest,
539 2984 567 3021 V·
592 2963 645 3021 inf·
689 2967 836 3026 declarari
857 2968 929 3026 vult.
981 2965 1107 3025 ducunt
1129 2984 1182 3022 eu·

153 3069 205 3141 lv,
232 3067 357 3148 156iq.,
388 3064 448 3124 huc
467 3069 570 3125 vocari
592 3085 646 3124 ne·
688 3084 751 3128 tem
778 3090 903 3126 anunm
936 3069 1045 3139 caelo,
1088 3063 1117 3123 h.
1146 3069 1181 3125 in

152 3178 225 3254 quit.
278 3174 308 3233 5.
329 3171 429 3234 Hinc,
460 3163 529 3245 post
550 3164 645 3225 buco·
688 3171 791 3240 ceelo,
819 3173 853 3228 in
873 3190 935 3252 quo
955 3170 1018 3250 ipse
1039 3172 1180 3228 oriuntur

150 3273 205 3333 lica
225 3277 320 3332 aiunt.
364 3272 502 3329 Omnino
523 3272 644 3327 initium
686 3287 717 3330 et
745 3273 906 3345 occidunt,
950 3287 980 3332 et
1006 3291 1064 3351 pno
1092 3267 1179 3329 curin

151 3373 307 3456 defignat3
363 3388 395 3430 vt
436 3373 507 3431 elias
548 3392 642 3433 nunc.
685 3378 775 3447 enni,
814 3374 889 3434 dixit
913 3395 1038 3432 annum
1067 3371 1178 3432 laben·

150 3478 240 3556 Quae
288 3472 422 3556 sequitur
462 3491 556 3554 vsque
604 3473 643 3532 ad
685 3490 767 3549 tem,
810 3476 1050 3557 procedentem
1091 3471 1177 3556 quod

147 3579 186 3637 vi.
209 3580 252 3654 45
281 3579 455 3647 inuocatio,
494 3571 536 3633 est
561 3571 642 3634 haud
684 3582 842 3658 proprium
866 3579 906 3638 de
932 3580 1076 3658 temporis
1102 3576 1176 3657 fuge

147 3680 241 3739 dubie
269 3681 476 3757 interponet
502 3679 643 3735 carminis
683 3679 735 3754 seu
762 3679 888 3740 decursu
918 3677 968 3740 est.
1027 3679 1064 3738 In
1090 3676 1174 3759 seqq.

147 3775 345 3841 ornetissimas
379 3799 416 3839 eo
446 3774 642 3861 splendidiffi·
683 3783 798 3840 incerta
845 3777 887 3841 est
939 3783 1172 3862 interpretatio:

145 3904 219 3943 mas.
683 3878 781 3941 sintne
803 3882 929 3941 Iumina
951 3917 994 3929 —
1021 3881 1120 3941 Liber
1140 3892 1173 3938 et

210 3985 239 4046 5.
269 3987 298 4047 6.
344 3978 506 4040 labentem
547 3981 639 4040 eaelo
681 3982 772 4039 alma
793 3985 888 4044 Getes
909 4005 966 4064 per
992 3978 1174 4064 epexegefin
1231 4031 1232 4034 ,

142 4079 232 4167 ‘quoe
263 4084 383 4144 ducitis
416 4103 560 4149 anniam:
607 4083 637 4144 h.
681 4084 760 4144 dicta
784 4090 958 4158 ctionem,
987 4105 1027 4144 en
1047 4087 1103 4146 lint
1125 4081 1170 4140 di-

144 4208 279 4269 quorum
329 4186 455 4249 decuria
499 4201 638 4270 tempora
678 4186 771 4250 veria.
839 4186 890 4252 Est
917 4192 952 4251 in
974 4203 1102 4270 viroque
1119 4203 1168 4245 re·
