2692 4914
145 313 237 360 xm
455 284 843 360 Putarnrro
900 232 997 345 Γ

119 544 122 551 -
145 485 299 564 consilio
326 513 373 565 ex
405 507 511 589 parte
545 508 692 585 tantum
717 434 967 589 respondebt'l
1010 489 1182 563 ffLocum

146 627 247 698 enim
269 623 331 699 hic
350 622 464 697 habet
482 622 576 698 illud
600 627 886 701 Terentianum:
929 623 1048 704 Here,
1075 649 1183 722 quae

144 782 205 830 res
224 763 268 829 in
281 757 333 857 stt
353 785 482 860 neque
500 747 704 857 eonsilium
722 783 849 858 neque
865 757 1030 842 modum
1046 757 1182 832 Habet

144 891 293 972 vllam,
334 919 428 967 eam
452 873 611 990 consilio
638 921 774 995 regere
796 920 879 966 non
903 908 1028 990 potes.

134 1010 139 1024 ’
218 1031 261 1100 In
288 1031 408 1129 prima
435 1029 619 1120 editione,
667 1054 770 1122 cum,
821 1025 926 1129 quod
958 1025 1064 1125 supra
1092 1021 1181 1112 dixi,

145 1157 350 1262 exprellam
374 1158 447 1237 elle
469 1162 604 1238 vellem
633 1163 837 1239 lectionem
858 1163 1180 1245 Burmannianam,

142 1295 262 1370 multa
298 1321 390 1369 mox
423 1295 570 1376 turbata
602 1296 675 1375 elle
707 1297 782 1372 vidi
813 1315 1031 1400 propterea,
1076 1288 1181 1393 quod

143 1454 283 1529 operae
303 1454 384 1505 non
408 1455 470 1523 ea,
504 1429 567 1506 sed
588 1432 663 1516 elia
683 1432 850 1508 editione
872 1431 921 1503 ad
942 1430 1182 1502 Burmannia·

144 1590 233 1640 nam
255 1565 472 1657 emendata,
497 1563 546 1639 rfi
569 1587 690 1660 erant3
725 1571 944 1642 innumerae
964 1568 1094 1663 itaque
1116 1559 1181 1634 ab·

142 1702 347 1775 errationes
379 1699 638 1778 emendandae
666 1700 773 1778 fuere
800 1707 840 1775 in
870 1701 987 1774 altera
1012 1668 1181 1773 editione

141 1839 308 1925 minora;
333 1853 415 1910 tum
433 1860 521 1910 vero
539 1860 612 1911 nec
632 1835 708 1937 ipsa
719 1838 993 1920 Burmanniana
1012 1827 1179 1907 recenfio

141 1972 183 2045 in
204 1971 327 2069 operis
351 1988 484 2045 tenore
503 1967 584 2043 satis
608 1967 675 2043 fibi
693 1966 845 2045 constat.
903 1972 1015 2042 Nunc
1034 1965 1118 2040 vidi.
1132 1964 1181 2038 ad

50 2107 53 2112 ’
143 2121 263 2182 certas
286 2102 431 2203 regulas
455 2127 536 2176 rem
558 2101 631 2179 elle
649 2102 965 2194 constituendam
986 2100 1180 2202 amplexus

142 2242 272 2337 itaque
292 2235 334 2311 id
356 2235 451 2328 sum,
491 2237 597 2339 quod
619 2237 848 2338 probabilius
873 2235 945 2313 elle
968 2234 1180 2310 videbatur:

140 2374 293 2453 Retinui
315 2374 395 2450 ad,
431 2377 494 2453 in,
532 2397 627 2454 con,
675 2371 849 2473 adeoque
876 2365 995 2471 scripst
1015 2371 1179 2469 odrigo,

138 2505 309 2604 inrisae,
335 2510 501 2604 inpune,
531 2507 743 2607 conplexus
750 2534 765 2591 ,·
804 2505 894 2582 dedi
916 2530 1005 2580 vero
1022 2529 1178 2604 operam

141 2659 325 2743 quantum
342 2646 470 2740 potui,
516 2661 556 2716 rt
586 2640 701 2715 lectio
724 2639 818 2714 haec
841 2639 978 2740 vbique
1002 2637 1179 2714 [ibicon-

140 2773 266 2865 staret3
309 2800 463 2875 operam
491 2774 681 2851 molestiae
710 2802 755 2851 ac
777 2774 891 2849 taedii
915 2793 992 2846 tarn
1012 2773 1177 2872 plenam,

141 2930 179 2985 vt
193 2914 233 2985 in
247 2907 438 3012 pistrinum
454 2910 542 2984 abdi
555 2907 700 3001 malim
727 2905 793 2983 etfi
807 2908 866 2983 vel
880 2904 931 2984 [ic
944 2906 1025 2982 fieri
1040 2911 1177 3007 potuit,

140 3062 179 3119 vt
198 3043 387 3121 interdum
414 3070 552 3144 operae
580 3044 810 3134 aberrarent3
858 3060 897 3116 vt
927 3041 1082 3143 colligit
1111 3044 1179 3117 ali·

141 3175 230 3255 cubi
250 3178 422 3253 relictum
445 3177 517 3254 effe
539 3183 702 3254 memini.
756 3175 1179 3276 Quandoquidemuuri

104 3337 109 3347 ·
140 3308 283 3410 aliquid
305 3314 347 3383 in
368 3310 425 3384 hit
448 3312 690 3387 tribuendum
711 3311 783 3387 elle
798 3310 1010 3402 videbatur,
1038 3312 1178 3413 eligen-

141 3442 309 3543 dumque
331 3441 448 3534 adeo,
492 3451 639 3545 grauius
665 3474 710 3523 ac
730 3447 917 3522 sonantius
939 3446 1045 3547 quod
1069 3445 1178 3522 effet:

54 3560 59 3570 ’
140 3579 277 3656 retinui
302 3602 532 3660 mereamur,
566 3598 769 3680 optumus,
803 3608 946 3682 quum,
984 3585 1176 3663 coniunx,

139 3713 324 3790 inmunis,
352 3719 583 3798 eommunis,
609 3712 761 3814 obfero,
785 3712 938 3813 obfulst,
963 3742 1176 3814 opponere,

141 3847 382 3945 opprimere,
403 3844 657 3943 submonere,
671 3847 873 3951 supplere,
900 3855 986 3952 quia
999 3849 1176 3951 supplex

141 3977 347 4054 tenendum
371 4000 461 4056 erat.
512 3981 662 4083 Reliqui
682 3986 897 4060 auctoribus
921 3982 1082 4084 οἰμώζειν,
1115 3987 1176 4057 la-

123 4115 326 4199 erimart‘,
358 4116 540 4217 proelio,
570 4119 745 4203 coelum,
777 4115 966 4224 maestus,
980 4186 981 4190 ,
996 4147 1173 4200 maereo,
