2692 4914
324 78 355 139 θ’

150 307 225 396 aaa
297 246 331 271 Γ
358 279 664 411 Ρ,νΙΒ’(;ΙιΙΙ
695 307 964 384 Mtuottts

154 507 204 580 At
226 499 253 575 fi
273 503 454 572 triticeam
473 502 514 569 in
528 491 679 569 mellem
693 490 919 594 robustaque
938 491 1040 567 farra

536 614 547 642 t

158 687 268 742 omnino
277 683 374 757 fugae
386 675 584 732 accommodata
595 696 645 730 vox
662 675 790 747 auersus,
810 693 871 728 nam
891 676 938 748 qui
957 675 1042 747 fugit,
1073 694 1129 732 nott
1147 678 1185 732 acl·

103 821 110 834 ,
157 773 250 832 versut,
274 767 317 821 led
333 765 434 820 auerlua
448 763 532 825 cedit;
555 777 624 816 recte
642 762 724 816 modo
737 761 873 815 verborum
888 762 1040 815 iuncturam
1059 762 1186 824 'rnilitum

159 857 292 927 iungenda
305 853 373 906 enim
386 850 452 908 lunt,
472 850 557 901 Currit
573 846 669 915 auerso
687 845 761 918 astro
777 847 887 908 cedens,
908 846 936 899 h.
952 865 977 900 a.
993 848 1068 901 caula
1090 849 1185 900 auersua

159 941 264 1001 cedent,
277 957 332 993 non
345 951 372 989 vt
386 933 484 1001 auerso
498 931 571 1006 astro
584 931 624 992 fit,
644 931 744 986 Tattro.
771 932 879 988 Accedit
888 931 966 1004 ,quod
978 931 1063 986 Canio
1081 933 1185 1002 pedibut

159 1045 187 1083 et
203 1026 287 1081 cauda
306 1023 375 1093 priua
392 1018 487 1071 occidit
506 1036 585 1088 quam
605 1017 720 1072 bumaria
735 1037 766 1071 ac
782 1017 883 1070 frontet
913 1033 941 1070 tt
956 1015 1028 1070 bena
1046 1017 1122 1072 Ptnlt
1135 1036 1186 1070 nto·

157 1113 216 1168 nuit
236 1110 270 1164 de
290 1124 349 1161 ortu
363 1120 388 1158 et
399 1101 490 1155 occasu
503 1102 577 1156 sidet.
596 1121 622 1173 p.
636 1105 677 1157 60.
713 1103 740 1156 Si
757 1102 876 1174 aduerso
892 1103 994 1163 tuerit.
1012 1119 1071 1157 torn
1093 1103 1188 1156 cedent

159 1196 235 1268 nstro
255 1191 374 1260 aduerso
397 1190 483 1241 Canis
500 1203 544 1239 aut
563 1187 671 1258 intelligi
690 1186 790 1258 potest,
809 1186 919 1241 'cedens
938 1188 1006 1257 soli
1030 1208 1064 1242 ex
1083 1187 1186 1241 aduerso

158 1277 255 1354 polito,
272 1293 300 1330 vt
316 1272 386 1346 apud
401 1271 575 1326 Columellam
589 1273 623 1333 X,
637 1275 671 1338 54
696 1275 771 1328 Solu
793 1289 819 1325 et
840 1271 978 1340 aduersos
998 1286 1125 1326 metuent
1141 1277 1187 1327 Ao

157 1362 284 1420 Iantidea
303 1374 395 1420 orum
430 1373 474 1409 aut
493 1356 587 1410 cedent
608 1358 716 1420 Tauro,
750 1356 817 1412 astro
836 1356 883 1411 fibi
907 1377 938 1409 aa
958 1355 1072 1411 aduerso
1092 1357 1185 1431 posttot

158 1449 224 1502 haec
238 1447 315 1500 lectio
330 1459 355 1497 et
369 1444 557 1514 interpretatio,
579 1460 651 1495 more
666 1460 693 1497 at
704 1443 748 1497 vlu
761 1444 865 1514 poetico
882 1442 993 1502 firmata.
1021 1442 1187 1515 praeferendi

157 1520 239 1588 rideri
256 1528 340 1604 potest
353 1541 498 1599 propterea,
518 1528 579 1599 quia
592 1525 732 1580 secundum
748 1525 872 1582 astrorum
886 1528 1003 1596 picturae
1024 1546 1141 1592 veterat,
1164 1543 1186 1580 tt

159 1619 188 1673 itt
207 1615 324 1670 Famafia
341 1611 439 1674 tabula,
468 1630 531 1683 quaa
552 1628 646 1684 poetae
666 1613 735 1686 sequi
754 1613 806 1667 leta
827 1613 911 1666 solent
929 1627 974 1677 (t.
998 1613 1046 1668 inf.
1067 1616 1139 1668 Not.
1158 1613 1187 1665 atl

159 1704 207 1765 tv,
231 1703 297 1765 253)
325 1699 382 1753 cani
402 1698 537 1768 aduersus
557 1698 679 1760 Taurus,
712 1697 790 1752 ledet.
841 1700 897 1751 lam
924 1713 1015 1751 autem
1040 1719 1075 1753 ax
1098 1715 1186 1773 poetro

159 1803 260 1846 tuente.
284 1783 432 1858 lipenitiua
453 1783 610 1843 confideres,
642 1783 679 1835 tit
698 1784 836 1855 praecipua
856 1781 1044 1855 phantasmatis
1061 1785 1091 1836 in
1110 1783 1185 1838 Tauri

156 1876 243 1946 capita
261 1870 357 1924 minaci
374 1867 457 1941 polita
477 1866 527 1920 ell'e
542 1868 650 1930 videtur,
670 1868 758 1940 itaqua
775 1866 850 1938 astro
872 1867 1011 1936 aduerso}
1027 1867 1087 1921 casu
1102 1871 1183 1928 tenio,

158 1975 185 2014 vt
200 1958 276 2012 cedat
290 1956 370 2008 Canis
384 1954 474 2005 Tauro
489 1951 535 2004 fibi
556 1951 672 2013 aduerso,
700 1972 771 2006 nunc
782 1951 907 2025 praetulit
928 1952 1058 2024 inprimit,
1081 1956 1142 2026 quia
1154 1952 1185 2006 fic

158 2045 244 2097 maior
259 2040 381 2094 codicum
395 2037 533 2089 auctoritas
547 2036 586 2087 itta
597 2035 671 2088 suum
684 2036 711 2088 in
731 2035 828 2088 iudicio
842 2035 932 2089 critico
951 2036 1079 2090 faciendo
1096 2039 1181 2091 lerunt.

158 2145 211 2197 ²¹9
229 2134 342 2178 trtttoea
355 2123 437 2176 Goth.
453 2120 582 2176 laeana
596 2119 645 2172 lec.
681 2129 712 2174 in
734 2119 806 2176 abest
820 2140 838 2174 a
853 2122 951 2176 Mutet.
971 2120 1023 2176 [ac.
1060 2133 1094 2179 ita
1113 2143 1185 2202 atter·¹

148 2211 214 2285 sem
233 2208 306 2284 Gud.

158 2340 348 2412 occidendo:
386 2361 458 2402 nam
484 2345 518 2400 in
546 2338 652 2423 lphae·
694 2342 719 2417 §0
743 2342 785 2404 36
813 2337 886 2401 XV
901 2341 970 2404 eal.
999 2343 1115 2402 Maiae
1130 2343 1184 2419 sol

156 2447 191 2508 ra
213 2443 313 2516 ledet,
355 2442 508 2504 aduersam
535 2441 650 2502 habena
690 2445 729 2499 'in
760 2444 901 2501 Taurum
929 2445 1108 2502 transitum
1128 2446 1183 2523 sa·

154 2549 254 2608 Tauri
273 2547 417 2605 frontem.
459 2547 542 2627 Ergo
564 2542 652 2602 cedit
693 2546 738 2602 cit
764 2578 805 2591 —
841 2543 955 2602 Pridie
981 2544 1051 2610 cal,
1075 2549 1182 2605 Maias

163 2650 286 2710 Tattro'
317 2649 458 2715 minaci,
517 2647 651 2725 instanti
693 2646 791 2705 Canis
807 2647 850 2724 se
871 2646 1004 2727 verspere
1027 2649 1123 2713 celat,

155 2744 338 2811 corntthus:
357 2748 422 2808 casu
438 2752 547 2826 tertio;
565 2747 649 2828 quod
736 2757 922 2828 219-224
945 2748 1054 2808 Tritici
1074 2766 1107 2810 et
1126 2750 1181 2809 lar·

157 2875 196 2915 ex
213 2852 336 2912 tabulae
355 2847 574 2910 astronomicae
597 2850 649 2910 ad·
691 2854 731 2909 ris
750 2850 823 2910 satio
837 2870 904 2911 non
918 2849 952 2908 tit
964 2848 1022 2909 nifi
1036 2850 1107 2932 post
1122 2873 1182 2912 tna·

155 2951 261 3035 spectu
275 2954 363 3014 facile
376 2957 536 3034 percipies.
567 2951 648 3010 Aliae
690 2955 823 3011 tutinum
851 2951 990 3012 occasum
1020 2954 1180 3014 cosmicutn

154 3058 296 3115 iunctura
338 3053 403 3114 lieri
448 3051 539 3136 poffit
581 3071 648 3112 non
689 3053 859 3124 Pleiadum,
880 3070 912 3113 et
927 3052 995 3134 post
1010 3071 1115 3114 ortum
1130 3055 1179 3116 he·

151 3136 219 3216 'vno
256 3153 365 3225 modo,
418 3171 451 3215 vt
483 3152 519 3214 fit
555 3154 646 3213 Canis
688 3154 799 3214 liacum
822 3157 982 3228 Coronae,
1024 3153 1054 3216 h.
1079 3157 1178 3218 menso

152 3247 219 3336 lpse
249 3251 326 3313 allro
354 3254 479 3315 aduerso
515 3257 645 3315 cedens:
688 3256 826 3316 Octobri.
906 3279 977 3339 ²¹9·
1023 3261 1179 3319 Triticum

151 3343 224 3415 calu
242 3354 332 3414 sexto·
376 3352 468 3413 Pollit
488 3372 519 3416 ct
536 3357 645 3417 alit-um
686 3373 824 3418 veterum
844 3356 953 3420 diuerli
967 3380 985 3418 a
998 3360 1106 3424 nollro
1126 3384 1177 3446 ga·

150 3445 314 3516 'aduersum
343 3449 402 3514 elle
430 3454 483 3515 Sol
489 3499 500 3528 ,
541 3479 643 3541 aquo
684 3463 766 3520 neria
797 3458 902 3535 inille,
952 3461 1027 3522 inde
1063 3465 1177 3547 colligit

83 3558 88 3567 '
154 3557 324 3620 occultatur
338 3555 438 3616 Canis.
483 3558 570 3637 Quae
585 3582 643 3639 pro
684 3561 852 3636 Martinus,
893 3563 980 3645 quod
1001 3585 1030 3623 v.
1055 3587 1115 3627 aon
1144 3583 1175 3627 et

154 3661 248 3721 altera
263 3659 395 3719 lectione
407 3657 535 3734 Atterso
558 3659 642 3734 astro
685 3664 767 3741 apud
781 3665 866 3722 Varr.
883 3664 922 3725 de
935 3667 973 3725 R.
987 3667 1026 3731 R.
1043 3669 1067 3741 1,
1081 3674 1133 3745 48,
1156 3690 1168 3728 t

148 3763 213 3849 'dici
238 3759 378 3843 poliunt,
412 3765 446 3820 in
472 3763 542 3821 Var.
573 3762 642 3826 lect.
682 3763 782 3839 arista
804 3763 833 3823 h.
855 3786 925 3825 atus
945 3772 1047 3829 tenuia
1069 3791 1087 3830 e
1108 3772 1172 3853 glu.

144 3865 249 3956 patruli.
312 3864 451 3945 Argutiaa
492 3867 641 3944 interpre-
681 3885 731 3924 mu
759 3871 936 3945 prominent
963 3874 993 3929 ei
1019 3871 1171 3933 tribuitur.

150 3984 259 4030 tumv.
281 3987 329 4048 ap.
347 3964 514 4039 Heinlium,
534 3967 640 4026 Marti-
681 3967 796 4027 Verum
817 3970 884 4029 lunt
903 3977 1032 4035 omnino
1057 3977 1170 4058 plures,

149 4092 240 4145 num,
294 4071 459 4151 Spencium
496 4089 528 4149 p.
571 4078 637 4148 174.
680 4091 755 4152 quan
772 4089 883 4133 vocant
904 4073 1027 4155 species,
1055 4092 1088 4136 vt
1102 4075 1170 4157 post

148 4176 227 4237 Rern
250 4173 372 4257 expedit
392 4172 512 4234 Colum.
526 4171 571 4230 XI
576 4213 587 4245 ,
607 4194 636 4244 2,
677 4171 883 4235 Dodonaeum
919 4196 955 4236 ac
994 4179 1168 4240 Manettuut
