2692 4914
249 365 356 418 xxrv
568 330 961 418 PRAEFATIO

251 545 393 622 tuosam
414 541 518 622 suilla
536 549 733 648 intelligat,
760 571 873 647 quam
896 543 1126 646 superiorum
1141 559 1288 640 tempo·

252 709 337 756 rum
357 681 602 780 diligentiam;
647 711 669 756 a
689 678 891 757 nouisslmis
911 697 1037 752 autem
1060 680 1205 753 Criticis
1227 682 1290 751 vix
1326 713 1331 724 ·

255 821 458 918 quicquam
483 821 666 891 varietatis
697 814 940 894 ocodicibus
976 809 1049 886 elle
1083 830 1291 900 enotatum,

213 952 216 956 ’
254 949 361 1052 quod
383 976 463 1024 non
483 976 530 1024 ex
551 952 630 1025 aliis
653 953 756 1027 libris
776 957 851 1025 iam
874 965 1046 1022 notatum
1067 966 1105 1021 et
1128 946 1294 1046 plurium

254 1083 437 1158 libromm
463 1070 639 1159 consensu
662 1083 752 1161 esset
778 1081 1059 1173 confirmatum
1100 1080 1293 1181 pleraque,

256 1218 364 1320 quod
396 1216 463 1318 ipsi
492 1218 608 1293 tribus
639 1220 832 1297 codicibus
866 1214 1125 1316 comparandis
1151 1218 1297 1314 experti

257 1349 398 1442 sumus,
425 1350 473 1426 ad
495 1352 747 1429 aberrationes
770 1353 1006 1426 librariorum
1028 1348 1167 1438 redire;
1194 1367 1233 1420 at
1255 1353 1297 1421 in

258 1489 303 1560 iis
323 1486 434 1576 locis,
478 1512 577 1585 quae
597 1489 728 1561 vulnus
749 1487 907 1576 habent,
949 1480 1054 1584 quod
1078 1481 1297 1555 sententiam

260 1624 439 1694 orationis
462 1619 650 1712 obscuret,
691 1619 924 1696 restituendis
949 1643 994 1693 ac
1022 1615 1208 1707 sanandis,
1248 1615 1297 1689 ab

259 1751 318 1826 his
338 1752 532 1829 codicibus
552 1781 633 1831 non
651 1761 767 1857 magis
783 1761 984 1857 quicquam
1003 1749 1167 1825 utilitatis
1185 1775 1300 1850 quam

261 1893 440 1964 acetaria
462 1887 588 1965 arcessi
607 1887 722 1990 polle.
789 1894 920 1991 Itaque
951 1914 999 1962 ex
1026 1889 1229 1960 innumeris
1254 1889 1300 1958 iis

263 2022 477 2114 codicibus,
504 2028 570 2122 qui
583 2024 709 2100 adhue
722 2022 851 2125 passim
863 2029 905 2098 in
918 2022 1155 2098 bibliothecis
1168 2019 1300 2110 latent,

262 2154 353 2230 licet
372 2180 438 2229 eos
459 2160 584 2230 excuti
606 2183 685 2232 non
705 2163 860 2233 omnino
880 2159 1014 2232 inutile
1037 2154 1304 2255 sorepronun-

266 2292 376 2380 tiem,
409 2288 458 2361 ad
478 2288 657 2364 summam
677 2311 805 2367 tamen
823 2298 879 2368 rei
898 2297 959 2366 vix
980 2296 1181 2393 quicquam
1196 2287 1307 2364 valde

264 2422 510 2499 memorabile
527 2443 569 2501 et
582 2422 730 2526 insignis
752 2426 907 2502 alicuius
920 2424 1082 2509 utilitatis
1104 2441 1306 2522 expectan-

266 2558 358 2631 dum
388 2557 461 2634 elle
486 2557 656 2635 arbitror.
721 2560 932 2661 Plerisque,
973 2585 998 2634 e
1026 2560 1165 2630 Latinis
1187 2577 1303 2647 certe,

265 2693 498 2784 auctoribus,
539 2698 603 2794 qui
625 2694 779 2795 quidem
806 2713 979 2772 accurata
1006 2711 1045 2766 et
1072 2690 1209 2765 sollerti
1229 2690 1307 2767 lec·

267 2831 373 2902 tione
392 2828 494 2928 digni
517 2827 603 2921 lint,
628 2830 870 2905 emendandis
888 2849 928 2906 et
941 2826 1127 2930 poliendis
1151 2824 1232 2901 satis
1248 2833 1307 2901 in·

269 2957 438 3056 sudatum
460 2962 530 3055 est,
555 2983 594 3036 vt
614 2969 689 3037 iam
707 2969 752 3038 iis
768 2968 876 3038 venia
898 2982 1000 3040 certe
1015 2960 1139 3034 danda
1160 2958 1214 3052 sit,
1239 2967 1306 3062 qui

271 3098 493 3174 emendatae
519 3097 630 3172 huius
658 3098 831 3174 lectionis
860 3096 1023 3173 fructum
1051 3094 1216 3196 aliquem
1245 3122 1308 3170 ca·

268 3255 379 3330 pere,
423 3257 497 3308 nec
527 3257 679 3307 omnem
702 3258 855 3333 operam
879 3239 921 3308 in
941 3228 1109 3304 rimanda
1131 3228 1306 3304 lectionis

268 3367 465 3455 varietate,
506 3382 571 3437 aut
591 3366 773 3440 ariolandi
797 3385 836 3441 et
864 3362 1104 3441 coniectandi
1124 3362 1307 3456 lubidine,

269 3520 429 3595 ponere,
475 3516 541 3570 aut
564 3520 735 3576 auctores
758 3501 808 3574 ad
828 3504 1105 3602 grammaticam
1128 3496 1245 3571 modo
1270 3517 1309 3574 et

270 3633 438 3704 criticam
476 3629 715 3709 subtilitatem
749 3655 852 3711 recte
887 3634 1111 3732 intelligere,
1168 3656 1308 3725 verum,

271 3789 359 3837 curn
374 3760 458 3863 ipsis
473 3766 585 3842 rebus
607 3789 646 3843 et
670 3767 874 3862 sententiis,
907 3774 1020 3844 etiam
1035 3791 1168 3841 eorum
1189 3788 1308 3842 artem

269 3900 311 3969 in
334 3885 587 3995 inueniendis,
626 3902 863 4006 eloquendis,
906 3923 946 3978 et
975 3900 1152 3976 ornandis
1183 3928 1308 3976 rerum

272 4039 518 4131 argumentis,
565 4035 827 4112 sententiarum
858 4064 904 4114 ac
925 4035 1125 4112 verborum
1145 4035 1307 4128 delectu,

273 4164 480 4268 perspicere
515 4190 555 4245 et
590 4195 722 4248 eorum
751 4172 930 4274 exemplis
961 4168 1150 4248 addiscere
1181 4171 1306 4263 velint,
