2692 4914
258 301 340 410 μω
465 290 1065 391 uvmcuu‘usnouis

268 479 354 538 ibice
378 498 550 545 exornata.
610 484 794 569 Antiquior
825 501 936 547 tamen
967 499 1001 545 et
1038 505 1080 544 ex
1112 482 1297 566 domesticis

266 588 429 670 Phrygum
448 589 484 673 ⁴¹)
514 589 557 651 de
577 590 675 650 Mida
694 592 829 674 fabulis
850 591 951 651 ducta
978 590 1080 672 mytlsi
1107 593 1297 655 auctoritas

257 695 351 775 suit:
376 695 501 774 saltem
526 695 681 771 Pindari,
723 697 873 779 (Fragm.
897 698 999 767 CLII,
1025 719 1059 778 p.
1084 697 1168 778 148)
1203 720 1297 768 nam,

266 803 358 887 quod
377 804 433 862 ille
448 804 592 863 Silenum
611 824 683 863 cum
704 805 837 886 Olympo
860 802 1127 885 confabulantem
1147 804 1297 878 induxit,

266 913 476 971 coniunctam
496 930 570 970 cum
591 911 649 970 illo
662 911 757 992 ficit:
790 910 834 989 esi
857 914 942 970 enim
968 912 1119 992 Olympus
1139 912 1298 991 Marsyae

150 1052 154 1060 ·
251 1013 404 1097 Phrygis
418 989 587 1075 alumnus.
638 1017 760 1076 Vocem
786 1015 866 1077 inde
893 1009 1043 1101 ἐφήμερος
1069 1037 1133 1098 pro
1162 1017 1299 1076 ltomine

266 1122 382 1184 laudm
404 1122 508 1182 Scltol.
524 1120 689 1205 Aristoplt.
703 1122 787 1184 Nub.
805 1125 865 1185 223
887 1136 982 1198 etex
1004 1143 1041 1182 eo
1065 1119 1206 1182 Suidas:
1242 1123 1299 1204 (in

266 1227 412 1290 Pindaro
437 1226 500 1307 effe
520 1226 652 1295 debuit,
679 1213 816 1300 ὖτάλας
835 1222 970 1312 turipum
990 1229 1056 1311 -·)
1090 1229 1232 1287 Sernota
1253 1250 1298 1288 es:

265 1334 360 1396 dictis
387 1332 452 1392 illis
467 1321 661 1411 sententia:
698 1353 766 1394 non
785 1333 867 1394 nasci
887 1331 1006 1394 homiui
1025 1334 1120 1417 longe
1140 1340 1296 1415 optimum

265 1436 335 1516 else,
359 1444 532 1522 proximum
546 1454 657 1514 eutem,
674 1445 915 1522 quamprimum
929 1444 1008 1501 mori
1023 1441 1087 1500 Cic.
1102 1440 1190 1518 lisso.
1200 1443 1227 1508 1,
1239 1444 1296 1519 48,

264 1545 354 1608 vnde
374 1545 475 1605 babet
495 1547 646 1606 Laetam.
667 1543 743 1622 insi.
765 1548 826 1616 Ill,
854 1565 901 1627 19.
943 1548 998 1605 En
1017 1545 1186 1606 Plutarch.
1211 1548 1298 1607 Con·

247 1653 358 1735 solat.
388 1651 437 1711 ad
461 1650 616 1733 Apellen.
648 1672 685 1734 p.
717 1654 776 1714 115
809 1649 979 1730 discinms‚
1020 1650 1233 1730 Aristotelem
1259 1656 1298 1712 in

264 1758 414 1822 Eudemo
435 1759 518 1818 lsaec
537 1759 636 1819 latius
660 1757 855 1840 exposuiffe,
883 1758 970 1819 vnde
990 1757 1070 1820 ibid.
1084 1759 1129 1820 D.
1150 1759 1298 1838 Δαίμονος

266 1860 406 1933 lntno'uov
428 1865 479 1929 uel
500 1859 598 1949 τύχης
618 1863 761 1948 χαλεπῆς
780 1857 932 1949 ἐφήμερον
954 1865 1086 1949 σπέρμα,
1115 1862 1151 1928 sl
1164 1890 1207 1944 με
1228 1859 1298 1946 fissi-

267 1967 363 2061 ζεσθε
385 1955 523 2046 liucinii
540 1968 608 2048 ὑμῖν
622 1961 718 2053 ἄρειον
733 1965 774 2052 μή
792 1969 908 2045 γνῶναι.
949 1969 1165 2029 Memorabile
1181 1987 1298 2030 autem

266 2077 346 2144 boc,
380 2074 471 2157 quod
491 2076 618 2135 Silenus
644 2096 732 2134 nunc
753 2079 841 2135 inter
862 2092 1016 2136 canentes
1037 2074 1117 2135 deos
1142 2075 1297 2139 babentr.

270 2180 368 2266 Quod
382 2203 454 2267 erem
471 2185 638 2250 vinciunt,
658 2196 695 2240 vt
708 2199 828 2261 cogant
844 2203 972 2255 canere,
995 2183 1115 2261 Satyri,
1134 2201 1157 2240 a
1170 2185 1297 2263 furore

265 2289 520 2348 uaticinantium
538 2289 678 2369 petitum
701 2288 763 2368 effe
781 2287 990 2369 putabimus,
1019 2278 1115 2369 quem
1131 2286 1298 2348 detrecta-

247 2394 348 2453 bant
368 2407 482 2452 vates:
522 2407 560 2451 ut
578 2394 634 2451 uel
659 2391 702 2454 de
724 2393 844 2473 Pytliia
869 2409 993 2454 notum.
1047 2394 1224 2467 (lamneus,
1260 2409 1296 2454 'et

262 2497 335 2585 posi
355 2520 429 2557 eum
447 2501 613 2558 Martinus
633 2519 675 2557 ac
704 2501 891 2575 Wirtonus,
914 2503 971 2582 qui
991 2500 1129 2576 anglicis
1149 2500 1296 2577 uersibus

265 2608 408 2685 Eclogas
429 2602 593 2672 reddidit,
616 2604 649 2681 si
670 2607 858 2688 quaeritur,
893 2607 1046 2689 quorsum
1063 2605 1202 2688 physicis
1220 2608 1296 2686 pla·

267 2715 341 2772 citis
353 2712 498 2794 fabulae
518 2708 599 2790 isiae
613 2734 636 2769 a
653 2732 684 2773 u.
698 2714 740 2790 43
750 2710 827 2793 sqq.
841 2710 1014 2790 subiectae
1024 2709 1105 2786 sint,
1124 2717 1295 2773 rationem

265 2818 551 2898 comminiscuntur
554 2819 643 2896 satis
646 2817 825 2895 subtilem:
843 2817 934 2878 tradi
943 2818 1075 2896 scilicet
1093 2840 1162 2878 non
1185 2823 1295 2879 minus

268 2927 425 2986 moralem
448 2945 552 3007 quam
576 2923 763 2984 naturalem
782 2927 1017 3005 Epicureorum
1037 2924 1294 3006 philosophiam,

265 3054 333 3116 qua
353 3047 550 3092 reuocentur
569 3033 718 3113 inprimis
740 3052 763 3088 a
783 3030 1019 3110 cupiditatibus
1034 3046 1068 3090 et
1089 3030 1293 3091 immodera-

266 3143 308 3201 tis
328 3142 434 3199 animi
451 3137 755 3219 perturbationibus
778 3137 942 3204 ltomines:
963 3138 1045 3196 ltaec
1058 3152 1170 3196 autem
1189 3159 1292 3219 prae·

258 3247 378 3326 cepta,
414 3258 452 3302 ut
479 3242 616 3304 decebat
642 3256 792 3325 poetam,
836 3244 981 3324 expreffa
1009 3243 1071 3323 effe
1087 3243 1221 3324 fabulis
1250 3243 1295 3306 de

265 3353 355 3430 turpi
373 3370 487 3408 amore
507 3350 659 3409 Herculis
678 3365 711 3408 et
729 3347 919 3429 Pasiphaes,
961 3348 1003 3408 de
1012 3349 1174 3430 superbia
1190 3351 1295 3410 Proe-

266 3455 391 3529 tidum,
431 3457 580 3514 auaritia
605 3455 791 3515 Atalantae
818 3471 851 3514 et
874 3453 1047 3514 immodico
1073 3456 1164 3515 luctu
1185 3457 1295 3518 Phae·

265 3559 474 3622 tltontiadum
486 3560 651 3638 sororum.
711 3561 777 3621 Sed
801 3563 979 3640 Virgilium
999 3584 1056 3629 eas
1081 3578 1213 3638 tantum
1231 3552 1318 3645 fet-¹

264 3669 359 3727 bulas
379 3668 562 3751 sequanam
587 3666 650 3748 effe
670 3685 828 3749 apparet,
865 3690 951 3750 quae
977 3683 1010 3726 et
1029 3671 1296 3752 freqrsentattffi-

265 3796 340 3835 mae
354 3777 391 3834 in
404 3789 554 3834 veterum
568 3774 766 3836 carminibus
779 3775 891 3858 effent,
906 3790 940 3834 ec
954 3790 1108 3834 ornatum
1121 3781 1297 3858 poeticum

305 3932 329 3995 ’)
351 3931 482 4003 Phrygum
507 3929 524 3985 i.
545 3930 668 4004 Rugum,
698 3950 758 3986 cum
802 3930 858 3986 138.
904 3932 1002 3988 Conon
1022 3932 1126 3990 Narrat.
1147 3896 1180 3989 Ι..
1197 3936 1232 3990 cf.
1259 3938 1296 3992 ul
1323 3966 1325 3969 ·

265 4015 351 4075 adhuc
378 4017 436 4070 loca
464 4016 509 4070 sub
532 4034 622 4072 monte
650 4020 755 4071 Bermio
797 4016 946 4071 Philostrati
971 4025 1067 4093 lmagg.
1088 4023 1109 4083 1,
1123 4038 1157 4074 22
1188 4039 1293 4078 notata.

264 4104 292 4155 in
308 4103 481 4157 Macedoniae
494 4103 582 4175 postes
600 4104 685 4159 dictae
697 4104 755 4156 fini·
795 4102 967 4157 Adumbruuit
986 4106 1048 4157 inde
1064 4107 1108 4158 lua
1121 4107 1154 4159 dc
1171 4109 1252 4162 Mida
1268 4127 1294 4166 et

264 4188 312 4244 bus
327 4189 515 4248 inhabitarent:
541 4191 670 4246 Herodot-
680 4190 751 4252 wll,
795 4187 883 4246 Sileno
897 4187 979 4244 out
992 4191 1059 4246 Mos.
1072 4191 1118 4255 XJ,
1132 4208 1262 4267 90-599.
