2700 4906
145 322 221 396 610
348 306 970 429 avruartuuinours

152 502 378 605 Prosequor,
407 519 445 577 et
466 505 555 574 raris
574 498 740 572 habitata
764 493 929 597 mapalia
949 490 1090 569 tectis?
1126 494 1189 576 540

15 626 30 734 ,ἣ
156 641 278 739 Saepe
303 637 406 713 diem
438 652 685 735 noctemque,
743 650 783 707 et
819 645 949 700 totum
986 652 1038 704 ex
1075 625 1193 702 ordino

783 759 969 853 mensem,

162 900 327 976 Pascitur
346 907 452 1004 itque
472 924 588 1002 pecus
612 895 727 996 longa
748 900 789 968 in
813 894 963 970 deserta
988 890 1068 967 fine
1085 891 1177 969 ullis,

165 1034 357 1133 Hospitiis:
397 1054 542 1107 tantum
563 1036 686 1131 campi
708 1036 816 1104 iacet.
842 1074 849 1083 ·
869 1032 1019 1104 Omnia
1041 1024 1160 1101 lecum

167 1168 423 1242 Armentarius
446 1167 537 1240 Afer
561 1170 654 1264 agit,
687 1173 928 1263 tectumque,
952 1165 1173 1261 Laremque,

169 1299 379 1402 Armaque,
410 1300 730 1402 Amyclaeumque
758 1320 913 1386 canem,
974 1290 1203 1394 Crellamque

787 1429 1027 1531 pharetram.
1142 1424 1204 1511 345

254 1613 306 1682 840
323 1616 482 1689 Persequar
509 1617 611 1670 zulich.
661 1612 807 1684 mappalia
830 1610 903 1664 mele
928 1610 999 1664 alibi
1022 1609 1149 1665 scribitur.
1164 1607 1205 1662 til.

174 1696 266 1751 ΒΜ·
347 1705 397 1770 543
418 1710 524 1773 campie
543 1719 607 1754 vuut
627 1698 751 1753 Arondel.
773 1712 799 1749 ot
823 1715 889 1749 rnue
910 1696 1009 1750 Meed.
1101 1699 1150 1763 344
1164 1699 1206 1748 Ar·

175 1799 340 1840 maneamus
352 1787 443 1859 fragm.
460 1788 545 1840 Vetic.
567 1804 632 1838 em.
648 1783 696 1836 lec.
732 1783 917 1850 laboremque
930 1782 1097 1845 Romanae,
1128 1781 1207 1836 liltml

175 1865 290 1941 stupore.
360 1875 411 1943 545
434 1873 613 1945 Craffamque
631 1870 739 1941 Meneg.
759 1866 803 1922 alt.
838 1865 1075 1940 pharetramque
1094 1866 1135 1922 ed.
1150 1868 1206 1920 lu·

180 2055 290 2102 contra
308 2043 382 2122 349.
398 2047 433 2103 in
446 2041 676 2122 septemtriona-
716 2039 755 2100 ed
776 2039 854 2100 Aen.
876 2036 910 2112 1,
934 2044 1018 2116 420.
1053 2038 1146 2120 Apud
1161 2038 1206 2098 Ia

180 2141 261 2202 libus
287 2143 386 2224 plagis
413 2143 533 2224 semper
560 2147 594 2202 iu
619 2141 676 2203 sta·
717 2163 784 2203 cau.
806 2140 873 2213 JV,
903 2141 973 2218 684
1008 2139 1082 2200 sunt
1106 2158 1207 2206 vacua,

182 2240 262 2303 bulis
278 2265 372 2323 pecus
389 2248 573 2305 continetur.
617 2246 677 2304 Ce-
717 2242 746 2306 h.
767 2263 864 2302 vacuo
888 2256 922 2301 et
950 2240 1081 2304 deserto
1099 2246 1132 2303 in
1151 2242 1206 2301 looe

181 2358 284 2404 teram
303 2346 391 2407 locut
413 2342 514 2407 estex
530 2344 677 2407 nobiliffi·
718 2345 786 2407 fixe.
836 2345 911 2421 543.
933 2344 1101 2425 Hospitio
1118 2343 1205 2426 pulcre

180 2447 249 2502 ruis.
719 2462 819 2508 certae
833 2444 920 2505 sedes
943 2465 985 2505 ac
1009 2447 1138 2517 domur,
1157 2464 1204 2527 qua

227 2547 300 2624 339.
330 2547 455 2628 Libyae
470 2547 597 2628 pascua
616 2553 678 2609 ium
719 2549 748 2610 se
768 2551 928 2628 recipient.
997 2552 1076 2627 544.
1108 2550 1204 2608 Locum

183 2644 223 2704 ab
240 2647 378 2709 Homero
397 2649 557 2710 nobilitata
573 2650 676 2734 Odyff.
720 2650 802 2711 hunc
851 2652 995 2710 imitatus
1045 2651 1136 2709 Silius
1170 2646 1202 2716 ll,

184 2749 211 2817 δ,
227 2749 278 2811 85.
336 2753 408 2828 540.
438 2754 602 2832 mapalia,
629 2773 679 2810 ca·
719 2751 926 2831 441-445.
987 2750 1111 2811 Habuit
1132 2755 1203 2812 etiam

181 2848 233 2910 lae
253 2851 305 2912 seu
327 2857 446 2934 tuguria
468 2859 571 2913 cannis
597 2854 679 2913 feru·
721 2870 793 2914 ente
830 2851 937 2913 oculos
976 2852 1087 2914 Valer.
1125 2853 1203 2914 tuce

185 2951 263 3013 lisue
295 2954 437 3014 conlecta
466 2956 500 3013 in
528 2958 599 3013 coni
626 2969 680 3013 aut
720 2956 775 3026 vl,
791 2955 990 3034 324-339,
1013 2959 1122 3016 utiam
1134 2968 1204 3014 nou·

184 3053 280 3127 lurni,
321 3071 374 3114 aut
401 3060 435 3115 in
465 3060 585 3115 carinae
613 3054 679 3136 spe·
722 3055 1002 3135 tumepudBurm.
1033 3056 1203 3136 346.Arty·

186 3157 283 3227 ciem,
315 3171 349 3215 vt
372 3157 455 3236 apud
476 3154 591 3217 Sallust.
613 3158 678 3239 lug.
721 3160 848 3217 alaeam
870 3155 947 3237 (sup.
963 3180 994 3219 v.
1012 3160 1070 3240 89)
1098 3176 1203 3222 maen,

184 3275 240 3326 21,
262 3255 314 3315 seu
331 3255 452 3336 sparsim
468 3258 531 3318 solo
550 3257 607 3316 fixa
628 3258 679 3317 seu
721 3274 753 3318 et
782 3258 941 3337 Creffam,
1003 3259 1025 3321 s.
1060 3262 1202 3329 Creticam,

184 3354 324 3436 plaustris
359 3361 545 3420 circumferri
582 3360 677 3430 solito,
716 3359 928 3440 pharetram,
960 3361 1202 3443 apraestantiore

185 3472 220 3516 vt
242 3478 290 3536 ap.
313 3458 390 3520 Plin.
413 3462 452 3533 V,
475 3465 505 3524 5.
548 3463 588 3522 At
609 3461 637 3520 h.
658 3462 678 3521 l.
722 3482 834 3543 genere
856 3462 934 3539 (vid.
951 3465 1038 3525 adv.
1056 3468 1138 3546 312)
1159 3483 1202 3524 rto·

184 3564 270 3638 priua
305 3560 408 3620 locum
443 3561 554 3645 habot3
606 3584 679 3624 nam
720 3567 826 3622 minet.
880 3564 971 3623 Licet
1005 3573 1112 3646 poetis
1143 3570 1203 3626 eiat-

185 3657 255 3718 sunt
284 3663 430 3742 mapalia
457 3667 545 3723 raris
575 3670 679 3737 tectis,
720 3665 806 3725 ruodi
851 3683 1039 3728 ornamenta
1093 3684 1203 3750 captate.

185 3757 216 3818 h.
232 3766 363 3842 mapalia
377 3785 458 3838 rara,
494 3765 590 3845 sparsa
613 3767 679 3849 pes·
720 3769 827 3828 Horat.
867 3768 943 3828 Noa
979 3786 1057 3848 eget
1093 3769 1203 3831 Mauris

183 3859 238 3920 fini
254 3886 430 3950 peragras,
460 3887 527 3928 non
548 3871 580 3927 in
596 3873 678 3929 vicos
719 3869 844 3930 iaoralis.
880 3870 964 3930 conf.
994 3873 1132 3933 eundem
1158 3866 1200 3937 111·
1246 3934 1248 3943 ,

186 3966 323 4031 collecta.
405 3969 494 4028 Silius
536 3966 679 4048 dispersa
725 3990 772 4049 19,
789 3973 818 4032 8.
840 3969 893 4041 ΙΙΙ,
914 3976 965 4044 26,
987 3996 1036 4035 ιο.
1066 3951 1201 4035 ΙΝἰίίὶιοο
1245 3970 1248 4047 j

186 4070 334 4148 mapalia
364 4067 438 4126 dixit
467 4089 504 4128 ex
530 4068 590 4130 hoc
613 4058 677 4153 i'pso
720 4071 803 4143 effet,
831 4072 1032 4136 deNomade
1051 4077 1127 4137 Afro
1145 4072 1199 4134 ulit
1246 4062 1248 4135 l

141 4192 143 4197 ·
186 4167 257 4230 loco
278 4170 331 4231 lib.
354 4169 459 4244 XVll,
483 4189 533 4251 90.
563 4173 600 4233 cf.
622 4174 677 4235 ini.
719 4177 883 4235 memorari
897 4194 964 4236 non
980 4174 1114 4258 pollent.
