2692 4914
162 314 211 399 48
369 303 413 380 Ρ.
437 301 689 379 VIRGILII
719 294 983 376 MARONIS

165 501 213 574 Et
237 495 387 597 penitus
413 508 496 565 toto
528 487 663 562 diuisos
688 473 781 563 orhe
808 492 1018 560 Britannos.

65 608 68 622 Ι
167 637 243 723 En,
279 651 457 730 umquam
478 627 620 725 patrios
647 625 762 724 longo
784 621 867 724 post
888 641 1060 722 tempore
1081 615 1178 710 finis,

170 836 257 881 ratur,
291 829 395 890 praeter
412 812 522 866 Vibium
541 808 721 885 sequestrem,
752 810 820 864 forte
846 828 877 862 ex
901 809 954 862 hoc
981 807 1036 882 ipio
1063 808 1141 870 loco;
1175 808 1208 859 de

171 905 234 962 orbe
251 919 342 968 tamen
354 887 462 960 Cretae,
484 899 586 959 Oaxo,
612 915 669 949 non
685 896 831 958 dubitatur,
850 895 917 949 forte
930 895 1037 956 eadem,
1058 912 1126 966 quae
1138 896 1209 948 Arne

172 991 212 1046 est
231 1009 273 1062 ap.
296 985 426 1042 Herodot.
449 982 570 1050 lv,154,
609 981 651 1034 vbi
668 999 691 1034 v.
710 981 819 1035 Weffel.
840 1000 867 1052 p·
889 983 949 1049 348,
971 982 1019 1041 53,
1044 999 1117 1032 nunc
1140 977 1211 1032 adde

172 1074 272 1132 Bckhel
285 1075 378 1127 Doctr.
397 1086 500 1121 numer.
524 1069 555 1121 Ρ.
568 1069 601 1129 11,
615 1087 642 1140 p.
657 1067 707 1121 305
715 1085 723 1130 3
752 1085 839 1140 neque
853 1065 919 1118 illud
934 1067 1072 1137 ignotum,
1099 1066 1210 1117 Cretam

173 1159 311 1217 Oeaxida
331 1157 429 1210 dictam
448 1151 506 1207 effe.
525 1173 549 1208 v.
570 1151 728 1225 Apollon.1,
746 1154 819 1213 1131,
839 1151 912 1204 cuiue
934 1151 1018 1205 verius
1041 1151 1074 1204 ab
1089 1152 1213 1203 Varrone

175 1246 287 1302 Atacino
308 1239 436 1314 expreffoe
457 1239 563 1293 Seruius
585 1237 684 1290 recitat.
725 1238 857 1291 Mirantur
879 1255 960 1309 porro
983 1236 1143 1309 sagaciores,
1164 1254 1213 1288 cur

176 1327 234 1386 tarn
253 1326 354 1381 ob'icuri
371 1323 487 1378 nominie
506 1322 601 1376 ssuuiue
615 1322 643 1374 h.
659 1320 677 1373 l.
699 1340 714 1374 a
733 1322 836 1393 pastore
854 1324 1018 1386 nominetur,
1043 1341 1131 1394 neque
1145 1319 1215 1374 iliud

175 1416 236 1472 satie
256 1411 437 1485 assequuntur,
460 1407 597 1481 quomodo
618 1405 678 1479 post
689 1406 804 1460 Africam
818 1423 843 1461 et
856 1408 1003 1478 Scythiam,
1022 1427 1106 1481 quum
1126 1427 1214 1461 remo·

175 1500 333 1556 tiffimorum
358 1495 451 1548 finium
476 1509 544 1547 terra
569 1508 759 1565 expectamur,
807 1495 907 1546 Cretae
941 1495 1042 1547 mentio
1074 1492 1145 1546 iacta
1170 1492 1213 1547 fit.

177 1589 283 1642 Oaxim
297 1583 385 1654 itaque
404 1581 457 1632 iam
477 1595 573 1633 veterae
592 1578 674 1647 modo
688 1578 896 1651 Mesopotamiae
910 1578 999 1632 'modo
1018 1579 1142 1650 Scythiae
1162 1579 1213 1632 ilu·

178 1673 250 1726 vium
266 1667 358 1722 haberi
378 1665 539 1728 maluerunt,
558 1654 641 1716 nullh·
650 1679 739 1717 tamen
757 1665 873 1718 neminie
893 1681 1098 1719 commemorata
1119 1681 1212 1718 aucto-

177 1756 263 1812 ritate.
303 1753 398 1813 Fuere,
432 1752 477 1824 qui
497 1754 625 1804 Araaem
644 1751 736 1822 reponi
759 1750 884 1813 maliem
921 1767 947 1805 et
964 1751 1023 1803 iane
1043 1750 1115 1823 apud
1133 1750 1217 1805 Clauq

175 1843 251 1896 dian.
276 1839 307 1892 B.
333 1834 407 1891 Gild.
433 1839 464 1891 31
496 1838 564 1890 inter
587 1838 696 1888 Oaxem
723 1851 750 1888 et
774 1840 904 1889 Araxen
929 1836 1043 1891 Codicea
1072 1836 1215 1891 fluctuant.

175 1924 263 1983 lioffit
282 1924 363 1977 etiam
383 1919 546 1975 confirmatio
566 1921 644 1974 huiue
666 1920 857 1976 emendationis
878 1941 892 1974 e
912 1921 1056 1976 Theocrito
1076 1925 1148 1994 peti,
1186 1939 1216 1979 vt

181 2031 244 2068 eum
262 2009 351 2064 noster
373 2021 433 2059 ante
452 2004 543 2058 oculos
565 2004 693 2059 habuerit.
728 2009 754 2060 la
768 2007 854 2070 enim,
880 2007 1003 2060 Hieronis
1021 2008 1114 2062 laudes
1135 2013 1226 2063 ultra*

179 2111 299 2170 pontum
321 2092 481 2165 Scytbicum
494 2106 520 2142 et
537 2091 713 2162 Babylonem
736 2108 763 2145 ut
784 2091 968 2154 extendantur,
1003 2110 1124 2165 precatur
1137 2095 1215 2166 ldyil.

179 2181 255 2241 XVI,
267 2196 310 2250 99.
329 2195 384 2230 roo.
425 2172 528 2227 Eodem
547 2176 636 2247 itaque
656 2177 738 2228 modo
758 2176 883 2249 Virgilius
904 2177 1038 2248 Scythiam
1056 2196 1082 2233 et
1104 2183 1217 2235 &axem

182 2263 341 2319 diuersarum
360 2259 476 2314 Orientis
501 2260 638 2329 regionum
662 2260 772 2314 fluuium
794 2281 939 2316 memorare
960 2266 1055 2336 potuit.
1103 2268 1216 2329 Verum,

72 2382 76 2390 ·
184 2347 286 2404 etiamfi
303 2347 357 2399 hoc
376 2344 478 2405 liceret,
510 2344 550 2397 vel
569 2345 604 2399 fic
622 2348 741 2418 rapidus
768 2364 861 2402 cretae
886 2350 1048 2422 iungendum
1065 2351 1141 2415 effet,
1171 2356 1217 2426 qui

145 4232 179 4305 h

184 2434 254 2506 rapit
272 2447 368 2486 terram
390 2428 493 2491 albam,
513 2430 630 2484 radendo
648 2433 736 2494 littus,
756 2435 784 2487 h.
806 2435 966 2489 lutulentuee
998 2453 1077 2510 atque
1096 2439 1150 2493 hoc
1168 2441 1219 2495 du·

183 2537 252 2574 rum.
286 2515 337 2569 Alii
359 2514 448 2580 Oaum
468 2515 583 2570 inierunt
601 2536 673 2571 nunc
691 2538 706 2570 a
723 2536 802 2591 poeta
821 2520 875 2574 stne
895 2522 1013 2594 exemplo
1036 2525 1143 2578 Oaxuan
1163 2528 1219 2581 dic-

183 2622 255 2665 tum,
288 2602 333 2674 qui
357 2603 455 2660 limum
473 2602 554 2655 uehit
574 2604 703 2657 turbidus
714 2605 828 2675 semper
850 2607 992 2660 secundum
1010 2609 1157 2675 Curt.Vll,
1177 2633 1217 2666 io.

183 2690 340 2748 Excusemue
363 2701 483 2760 poetam,
515 2705 593 2758 quem
614 2687 753 2743 defendere
773 2691 894 2764 equidem
914 2713 969 2745 non
989 2691 1077 2747 ausim.
1112 2696 1219 2753 Sufficit

184 2778 297 2832 fluuium
316 2776 394 2829 huiua
417 2770 532 2825 nominie
551 2773 579 2826 in
597 2774 680 2828 insula
696 2777 776 2830 Creta
796 2776 861 2839 effe,
897 2779 969 2831 cuiue
989 2781 1152 2835 mentionem
1173 2785 1219 2838 hic

182 2864 240 2917 fieri
261 2863 348 2914 minue
368 2857 518 2922 mirabitur,
553 2859 613 2930 qui,
642 2862 678 2914 uri
697 2863 801 2934 Afros,
839 2862 882 2914 feu
902 2863 1010 2934 Libyae,
1042 2883 1067 2920 et
1087 2870 1216 2941 Scythas,

181 2948 220 3005 Bc
239 2945 334 3001 insulae
357 2944 390 2999 ab
415 2942 490 2996 Italia
519 2961 633 3000 remotae
654 2950 764 3001 Cretam
785 2963 812 3011 et
833 2950 1013 3002 Britanniam
1032 2951 1081 3005 fibi
1108 2959 1219 3026 opponi,

183 3032 313 3089 obieruet.
348 3027 487 3084 Probabile
505 3030 571 3083 mihi
590 3031 633 3095 fit,
651 3034 793 3087 Matonem
814 3050 874 3088 ante
887 3034 979 3088 oculor
997 3035 1115 3092 habuiffe
1129 3040 1219 3094 locum

184 3138 217 3172 ex
238 3116 386 3191 antiquiore
404 3114 493 3186 aliquo
514 3132 608 3186 poeta,
643 3139 722 3194 quem
739 3120 818 3173 nimie
845 3119 924 3173 docte
944 3136 970 3175 et
988 3120 1050 3175 loco
1069 3123 1157 3178 alieno
1176 3148 1218 3181 ex·

184 3198 285 3278 preffit.
360 3201 394 3270 67
413 3200 651 3258 Britanoealibb.
664 3220 741 3260 notat
757 3206 808 3259 Ge.
823 3205 921 3259 Fabric.
999 3208 1034 3263 68
1049 3211 1096 3263 En
1108 3224 1220 3284 patrios

183 3353 355 3412 veniemus
373 3351 519 3421 Oaaem
546 3354 597 3414 alii
617 3357 682 3418 adi-
723 3357 765 3420 do
780 3363 865 3419 enirn
877 3355 1022 3440 pastores,
1044 3381 1120 3445 egro
1127 3366 1220 3428 Man·

182 3455 286 3516 bimus
317 3453 450 3513 Cretam.
515 3455 566 3517 De
603 3459 682 3519 Oaxi
722 3476 818 3522 tuano
847 3465 955 3537 eiecti,
1000 3481 1140 3527 armenta
1168 3467 1221 3530 sua

184 3557 297 3617 Cretae
316 3576 346 3616 v.
363 3556 435 3615 var.
455 3557 540 3618 Lect.
582 3561 681 3623 Totus
722 3580 848 3646 agentes
869 3587 928 3646 per
942 3548 1074 3627 Aiiicarn
1097 3586 1130 3631 et
1146 3573 1220 3657 Scy·

183 3658 269 3721 locui
284 3657 401 3718 alienus
417 3680 435 3719 a
454 3657 601 3741 pastoritii
616 3687 681 3725 car·
721 3667 817 3727 thiam
836 3688 938 3729 errare
960 3685 1012 3728 aut
1027 3670 1221 3734 Britanniam

183 3763 275 3823 minis
292 3759 418 3840 indole3
435 3782 494 3824 nec
509 3768 604 3827 modo
621 3783 681 3829 tra-
720 3787 754 3830 et
767 3771 890 3830 Cretam
905 3772 1015 3831 insulas
1029 3773 1115 3835 adire
1130 3792 1219 3856 pote-

184 3870 288 3947 gicum
310 3863 384 3945 quid
406 3862 508 3944 spirat,
536 3869 679 3953 (Lyricus
720 3874 811 3933 rant?
829 3872 978 3954 Expressit
995 3892 1100 3936 tamen
1115 3879 1219 3939 locum

184 3969 261 4029 dixit
305 3967 438 4025 ultimos
480 3969 568 4030 orbis
608 3976 679 4031 Bri·
720 3975 841 4036 Nemes.
862 3977 979 4060 Cyneg.
1004 3979 1056 4058 67·
1080 3982 1134 4043 68.

181 4083 304 4130 tarenos
324 4068 356 4142 Ι,
384 4069 443 4142 35,
475 4077 534 4152 29)
572 4096 679 4136 verum
764 4081 816 4142 68.
839 4082 892 4138 En
912 4100 1061 4161 anquam
1080 4102 1141 4162 pro
1163 4103 1219 4144 vn·

182 4172 262 4234 adeo
279 4164 517 4258 inperitiarum,
547 4197 680 4261 quomo·
720 4201 864 4265 quarum.
879 4183 933 4244 ini.
950 4184 1014 4244 Ecl.
1023 4185 1109 4260 VIII,
1125 4208 1145 4271 7
1167 4189 1222 4247 Ea
