2692 4914
554 150 600 219 ΨΩ

146 334 497 410 GEORGICON
528 333 878 434 mulum-39
987 348 1062 442 4¹7

127 547 222 597 uare
244 527 341 623 agite
364 549 405 613 o,
434 526 606 622 proprios
621 526 825 621 generatim
841 520 965 600 discite
980 527 1059 602 cul·

642 671 711 744 tus,
1006 661 1054 735 35

127 788 237 878 :olae,
278 785 499 888 fructusque
523 785 622 862 seros
643 787 787 861 mollite
812 788 992 884 colendo;

128 921 253 1020 segnes
275 926 422 996 iaceant
442 940 573 995 terrae.
598 922 601 929 ’
626 925 735 993 quat
754 919 887 996 Ismara
906 925 1053 1017 Baccho
1077 982 1080 987 ·

127 1081 238 1144 erere,
261 1073 376 1155 atque
392 1055 477 1129 olea
491 1080 667 1153 magnum
681 1053 810 1130 vestire
823 1057 1053 1153 Taburnum.

127 1216 158 1264 re
182 1189 288 1278 ades,
316 1194 583 1289 inceptumque
601 1215 674 1261 vna
696 1188 853 1265 decurre
874 1190 1053 1287 laborem,

127 1392 173 1445 io
196 1387 267 1443 abesl
289 1409 304 1443 a
327 1389 425 1444 Medic.
512 1390 546 1445 36
565 1391 710 1462 cultusque
726 1390 814 1463 feros
834 1390 943 1446 laudant
960 1391 1051 1447 Schol.

130 1475 229 1547 Cruqu.
248 1478 301 1529 Sat.
324 1478 357 1536 ΙΙ,
380 1495 405 1537 2,
421 1476 456 1531 66
475 1491 501 1529 et
517 1475 636 1530 Macrob.
654 1478 708 1529 sa.
723 1477 769 1537 w,
783 1479 808 1539 6,
828 1477 964 1531 abierim
983 1481 1053 1532 mol-

127 1559 199 1612 male.
279 1563 310 1630 37
336 1550 381 1614 Na
410 1563 515 1633 Menag.
542 1563 626 1614 Miror
651 1562 782 1614 neminem
810 1577 923 1615 tentare:
958 1567 1053 1617 iuuet!

127 1646 220 1715 magis.
252 1646 272 1699 si
295 1664 355 1697 cum
378 1647 485 1699 Reisltio
506 1646 698 1718 exquisitiorcm
722 1645 823 1699 sensum
849 1645 959 1700 inserat:
1001 1647 1052 1702 de·

130 1751 224 1790 arcere,
258 1730 399 1800 quornodo
423 1741 536 1786 ru'num.
557 1729 710 1804 qualafert
742 1731 884 1787 Thracia.
906 1747 932 1784 et
951 1733 1052 1811 oleum,

128 1815 213 1884 ferar:
239 1815 277 1885 est
304 1818 464 1876 Taburnus.
506 1819 624 1868 colatur.
668 1817 703 1873 ru*
718 1813 830 1886 Ἰσμαςα
859 1811 939 1888 (ὅρη)
970 1818 1050 1871 etiam

128 1903 300 1960 :.111‚10,25
319 1899 462 1971 deVlylse:
499 1904 636 1955 Ciconum
656 1920 749 1959 mont,
769 1901 888 1971 (finam.
957 1903 1051 1957 38Tt-

128 2006 139 2038 ι
165 1986 247 2040 Goth.
275 2005 313 2056 pr.
404 1989 438 2058 39
456 1995 597 2057 inceptum
621 2005 680 2041 nna
701 1985 791 2040 franc.
840 1983 966 2040 discum
986 1985 1051 2042 alter

128 2071 145 2124 Ι·
429 2070 432 2077 ,

128 2246 210 2288 :orna
243 2227 321 2288 Aen.
353 2225 411 2299 111,
451 2229 512 2306 649
554 2224 720 2285 Burmann.
743 2224 846 2307 lntpp.
871 2227 969 2288 Gratii
990 2229 1051 2314 Cy-

128 2330 328 2408 uinseliccrn
345 2329 427 2388 dare
441 2329 511 2399 dici,
553 2348 624 2410 neg.
663 2331 743 2408 509,
782 2327 852 2388 vbi:
908 2329 1052 2391 Caudini

128 2438 167 2492 lus
187 2434 307 2493 videtur
326 2431 512 2509 amplecten-
542 2429 635 2508 saxa
673 2427 829 2491 Taburni.
884 2430 1051 2509 Ismarum

128 2529 183 2594 esl'e.
227 2537 271 2594 Ex
286 2533 427 2593 insitione
443 2551 511 2591 cor·
553 2532 660 2593 vrbem
681 2533 835 2607 Homerus
864 2539 1050 2599 memorauit

128 2652 149 2695 rt
172 2659 270 2717 pruna
288 2636 447 2707 rubentia,
477 2647 510 2691 vt
553 2651 584 2695 et
611 2639 717 2695 vinum
745 2653 763 2692 a
791 2634 923 2695 Marone
952 2633 1049 2719 Vlyffi

128 2740 205 2798 nala.
552 2735 672 2795 datum:
696 2729 836 2817 Odyssr,
857 2755 925 2815 197.
969 2737 1048 2798 Inde

145 2875 273 2946 Discite,
303 2877 355 2954 qui
376 2893 432 2952 per
452 2868 510 2930 fin·
551 2837 677 2957 vrbsuin
698 2839 878 2918 propinquo
896 2838 1049 2900 Maronea

131 2998 237 3048 enm,
261 2981 372 3056 cuique
392 2980 508 3057 generi,
552 2955 584 2998 ot
604 2959 708 2997 rmum
725 2939 910 2996 Maroneum
932 2937 1048 3000 clarum

403 3079 453 3140 56·
483 3078 509 3135 E
552 3039 667 3100 habent
706 3059 833 3100 nomen.
903 3040 1049 3102 Mentem

551 3143 708 3202 Ismarium
742 3163 760 3201 e
796 3138 900 3201 nostro
935 3142 1048 3204 Auson.
1073 3163 1079 3179 ·

551 3243 677 3304 Mosella
707 3246 765 3323 159
798 3247 955 3316 nominat,
996 3244 1049 3306 vbi

552 3345 591 3404 dc
613 3349 685 3404 vino
702 3349 774 3427 agit.
817 3347 981 3406 Pertinent
995 3369 1049 3409 au·

552 3463 613 3506 tem
631 3442 666 3504 hi
686 3446 785 3507 versut
809 3444 909 3506 adhuc
929 3449 970 3508 ad
996 3451 1049 3511 ad·

550 3547 759 3609 hortationem
779 3550 991 3631 agricolarum,
1016 3568 1048 3612 vt

552 3649 710 3711 arboribus
725 3649 844 3710 idoneis
862 3654 896 3710 iu
908 3651 983 3712 locis
998 3674 1050 3714 co·

129 3687 300 3770 >laudeque
362 3687 508 3747 σοφώ·
550 3735 650 3814 lendis
672 3773 799 3833 operam
823 3753 907 3812 dent.

137 3082 279 3158 proprius
301 3075 345 3135 fit.

129 3181 189 3250 .V‚
211 3183 288 3257 1567
312 3178 510 3239 Indeulr'am

136 3282 236 3340 aliam
257 3283 420 3339 culturam
439 3278 510 3337 dul·

128 3384 180 3441 ellt'
198 3381 392 3448 Teneahanc,
413 3383 510 3457 fruc·

129 3507 133 3534 r
157 3484 254 3562 seros
290 3484 510 3560 mansuescere

130 3585 314 3645 Cernabant
339 3585 510 3665 indulgen-

129 3793 257 3858 inarus,
295 3811 383 3851 mons
413 3789 511 3850 Thra-

129 3893 253 3962 vitibus,
276 3908 307 3953 et
329 3892 511 3960 Taburnus,
594 3891 744 3968 39-46.
780 3882 942 3968 Proposito
966 3883 1050 3970 quasi

129 3999 255 4067 Samnii,
278 3996 366 4055 oliuit
388 3995 510 4067 nobilis,
554 4006 736 4073 argumento
752 3988 821 4049 libri
836 3989 874 4049 ad
890 3994 954 4051 eius
975 4009 1048 4069 per-

129 4119 204 4181 uam
226 4111 353 4177 vterque
374 4098 512 4179 alioquin
553 4096 764 4154 tractationem
774 4092 985 4151 Maecenatem
1005 4092 1051 4146 in.

129 4217 161 4263 et
188 4197 337 4260 horridus.
393 4198 512 4258 Laudat
553 4210 668 4274 voca13
720 4193 930 4259 commodiore
961 4190 1050 4259 loco,

132 4325 167 4364 rt.
184 4304 209 4362 Ι.
605 4298 656 4356 Zz
