2700 4906
160 354 257 430 DE
300 354 579 429 CARMINE
609 354 909 431 BVGOLIGO
1038 355 1083 429 15

38 559 173 620 auton,
214 567 493 642 quamquam
512 568 604 614 eam
626 542 822 616 adalind
849 564 972 646 genus
1000 566 1085 614 mo-

42 671 83 740 do
102 669 340 749 retulimus,
370 695 464 741 cum
482 670 557 742 hoc
576 688 712 743 tamen
735 695 943 743 commune
965 667 1085 741 habet

45 795 151 877 illut,
191 799 317 897 quod
342 796 501 870 natales
521 795 665 869 nobilis
695 798 867 870 alicuius
884 799 1001 897 pueri
1026 821 1085 868 ce·

49 923 174 998 lebret.
259 925 427 1026 Ecloga
461 926 626 996 tandem
665 922 847 1005 secunda,
899 923 1087 1022 Corydon

50 1051 255 1152 inscripta,
294 1069 471 1124 naturae
491 1049 728 1151 pastoritiae
751 1052 856 1124 nihil
876 1051 994 1124 aliud
1016 1049 1088 1122 lra-

53 1179 122 1260 let,
165 1205 300 1282 quarn
335 1179 449 1279 quod
483 1185 632 1253 amoris
670 1180 803 1277 miseri
841 1184 885 1253 in
917 1200 1091 1280 puerum
1187 1229 1188 1232 ,

56 1305 172 1404 oeslris
210 1303 480 1408 imaginibus,
519 1307 744 1405 sententiis,
787 1326 827 1381 et
862 1305 1089 1380 notionibus

55 1433 313 1532 pastoralibus
335 1438 579 1534 exprimitur.
616 1441 727 1510 Nam
747 1438 806 1509 ad
827 1436 931 1508 illud
948 1456 1088 1538 genus,

60 1567 91 1633 in
110 1590 192 1665 quo
222 1566 338 1635 ‘tritae
361 1559 599 1664 pasioritiae
629 1563 807 1643 libertas,
844 1566 1088 1639 innocentia,
1202 1606 1206 1611 ·

62 1707 89 1761 et
112 1689 355 1791 simplicitas
396 1693 719 1772 commendatur,
774 1691 821 1762 id
850 1691 974 1789 plane
1009 1712 1094 1759 non

57 1822 266 1913 pertinere,
299 1821 387 1918 quis
407 1843 489 1891 non
508 1819 680 1890 videat?
724 1818 863 1918 Quid?
897 1816 1008 1915 qnod
1030 1838 1094 1884 ar·

60 1962 288 2045 gumentum
309 1946 407 2025 hoc,
448 1970 539 2016 curn
556 1944 682 2045 plane
704 1943 862 2017 nullom
890 1942 1005 2015 litoius
1026 1966 1096 2043 ge·

60 2078 156 2146 nene
187 2069 444 2171 voluptatem
475 2069 636 2173 afferat,
679 2087 719 2145 et
756 2097 785 2142 a
819 2075 931 2143 vitae
961 2067 1095 2170 pasto·

61 2203 174 2272 ritiae
195 2203 429 2300 integritate
454 2197 688 2279 abhorreat,
726 2226 772 2273 eo
801 2201 929 2271 minus
957 2203 1096 2271 iucun-

63 2329 155 2399 dum
183 2324 261 2424 est,
302 2329 415 2429 quod
446 2327 634 2425 Corydon
657 2323 797 2427 pastor
814 2325 974 2422 seruilis
1005 2352 1098 2398 con-

65 2455 224 2528 ditionis
253 2453 327 2552 ‘st’
369 2459 440 2554 qui
471 2455 626 2527 domini
643 2455 715 2552 sui
738 2450 942 2553 pusionem
970 2471 1099 2526 amat.
1175 2462 1182 2477 '

65 2585 148 2656 Hoc
171 2601 333 2662 tamen,
376 2578 444 2676 etsi
473 2583 676 2682 infimum,
715 2606 839 2685 genus
866 2586 1099 2653 recentiores

57 2709 141 2803 fere
167 2728 334 2811 poetas,
374 2735 465 2781 cum
493 2709 678 2783 bucolica
714 2713 897 2781 carmina
928 2711 1100 2781 condere

57 2836 129 2932 sabi
147 2838 417 2915 videbantur,
446 2835 637 2937 sequacos
663 2833 754 2938 effe,
795 2863 879 2909 non
906 2860 1002 2935 opus
1031 2831 1099 2932 est,

67 2986 105 3039 vt
122 2968 262 3040 multis
291 2968 514 3038 doceamus.

160 3099 346 3168 Materia
373 3098 509 3192 itaque
539 3111 579 3166 et
607 3109 888 3194 argumentum
915 3091 1102 3160 carminis

67 3220 240 3296 bucolici
253 3222 331 3321 seu
350 3216 550 3320 pastoricii
569 3223 691 3322 qualo
701 3218 778 3316 stt,
806 3221 959 3292 videtis.
1011 3220 1104 3289 Iam

69 3377 189 3428 mores
220 3378 273 3424 ac
306 3348 524 3440 sententiae,
561 3348 672 3423 verba
694 3368 814 3449 atque
833 3350 997 3435 numeri,
1029 3346 1103 3443 fa·
1192 3400 1194 3403 ψ

71 3483 142 3555 cile
174 3506 225 3556 ex
259 3476 335 3578 ipsa
370 3479 466 3550 vitae
509 3475 717 3576 pastoritiae
757 3476 975 3553 conditione
1008 3477 1102 3546 duci

70 3604 233 3708 possunt.
294 3604 536 3704 Simplicitas
565 3622 604 3677 et
633 3606 831 3679 naturalis
863 3605 1005 3706 aliqua
1031 3629 1103 3699 ¹ve-

77 3721 203 3835 nustas
224 3738 366 3808 omnia
393 3757 444 3802 ea
471 3737 689 3814 continent,
717 3759 822 3834 quae
843 3729 1031 3835 copiofius
1050 3728 1103 3803 ab

80 3867 163 3938 aliis
197 3865 277 3938 hac
313 3869 358 3936 in
390 3878 510 3965 parte
542 3862 745 3961 disputata
776 3860 886 3961 sunt.
950 3863 999 3932 In
1026 3859 1105 3928 lzac

85 4039 137 4094 tgro
150 4027 363 4082 Banuoexutm
376 4022 468 4078 fueret.
502 4022 570 4076 Sunt
610 4021 671 4075 Nec
692 4020 764 4073 milri
772 4019 864 4092 saepe
883 4036 973 4072 meum
994 4014 1107 4086 resona·

88 4127 110 4162 tt
122 4111 173 4167 loca
185 4134 214 4168 ex
228 4135 260 4170 eo
273 4111 411 4172 cumino,
432 4126 499 4182 queo
516 4108 571 4160 ani-
613 4107 669 4169 lis,
688 4107 818 4168 Battara,
839 4125 960 4161 carmen.
989 4101 1032 4156 Sic
1045 4118 1105 4172 por·

91 4212 126 4246 mo
143 4200 242 4256 tenuiss'e
265 4201 352 4256 Maro
378 4196 457 4249 videri
478 4192 570 4269 potest,
613 4212 658 4260 ro,
680 4195 749 4270 inpr.
765 4211 816 4248 av.
831 4191 909 4266 δεῖς.

90 4283 175 4340 ”Dic
204 4289 272 4365 μς.
312 4285 349 4341 15
362 4281 400 4355 sq.
432 4279 517 4354 asslq.
538 4282 573 4338 50
