2692 4914
143 318 942 418 ononoroonnm.1v,317-323
1016 347 1135 422 719.
1243 295 1248 305 '

126 528 178 583 ter
200 512 362 603 Cyrene,
399 529 533 600 mater,
567 534 664 610 quae
684 512 835 608 gurgitis
855 507 966 581 huius

126 672 134 715 ι
153 663 276 736 tenes,
305 645 397 745 quid
420 670 482 718 me
503 644 693 745 praeclara
714 643 823 742 stirpe
845 641 1029 734 deorum,

126 779 249 873 nodo,
273 806 388 880 quern
406 780 598 881 perhibes,
639 799 746 882 pater
767 774 818 851 est
831 776 1088 872 Thymbraeus

670 901 819 1004 Apollo,

126 1101 160 1136 res
179 1100 220 1154 ap.
236 1085 325 1138 Burm.
346 1082 430 1138 Goth.
450 1103 490 1154 pr.
573 1081 622 1136 321
640 1081 772 1153 Distingui
793 1081 881 1155 potest
897 1083 1005 1135 mater!
1032 1082 1086 1153 Cya
1154 1067 1158 1076 Δ

134 1172 240 1220 mater!
293 1172 395 1242 Cyrino
409 1167 481 1222 Gud.
501 1165 614 1240 sempor,
632 1184 658 1222 et
671 1169 736 1222 alter
750 1168 875 1229 Menrel.¹
896 1167 964 1220 fon·
975 1185 1006 1219 ox
1021 1185 1084 1238 pro-

127 1255 215 1307 ttione
231 1257 280 1310 τοῦ
299 1279 315 1318 n
335 1255 362 1307 in
382 1256 492 1322 Κυρήνη.
525 1253 586 1307 Vox
606 1255 671 1307 haec
690 1255 804 1326 priorem
828 1253 984 1323 producunt
1000 1251 1084 1306 habet

130 1355 154 1392 et
173 1358 215 1411 tp.
229 1339 416 1411 Apollonium,
447 1355 473 1392 tt
493 1355 640 1407 correptam
660 1340 731 1410 opud
748 1337 890 1391 Pindtmm
912 1353 939 1391 et
957 1335 1084 1390 Callima·

130 1463 136 1476 .
172 1423 328 1479 Obseruauit
354 1443 460 1497 quoquo
484 1423 626 1501 spanhem.
654 1425 689 1478 od
710 1423 866 1479 callimach.
889 1422 917 1475 in
935 1421 1081 1493 Ap011.·73.

127 1529 215 1562 *cuens
234 1509 342 1562 Mentel.
363 1528 402 1581 pr.
445 1508 481 1561 de
504 1511 584 1562 clara
605 1509 657 1563 Eri.
704 1530 723 1562 a
736 1507 929 1581 fltrpo‘Rom.
950 1526 1012 1562 cum
1028 1525 1081 1562 vno

127 1614 182 1656 mo,
213 1594 284 1650 Gud.
305 1611 332 1648 et
345 1594 394 1647 sec.
410 1595 507 1648 Moror.
528 1594 580 1649 vid.
595 1595 630 1648 od
649 1601 714 1650 Aen.
732 1597 756 1658 1.
776 1612 817 1666 ¹9·

127 1767 237 1832 capnt,
263 1755 307 1810 vti
327 1770 374 1819 os,
403 1770 474 1826 ora,
501 1751 540 1811 de
583 1757 810 1834 grammaticam
861 1765 895 1812 et
943 1752 1080 1810 criticam

127 1861 208 1915 inum
236 1851 313 1915 ostio
348 1853 408 1916 dici
443 1850 539 1933 poil'e,
581 1856 779 1917 subtilitatem
810 1853 889 1917 nihil
920 1853 1076 1934 expedire,

127 1960 133 2017 i
160 1956 294 2018 docuisse
317 1953 371 2020 fibi
397 1955 474 2015 visus
499 1953 541 2016 est
581 1957 605 2020 fi
639 1959 737 2019 sensns
778 1960 919 2038 poeticus
954 1952 1077 2014 hebeat.

128 2081 146 2121 ι.
174 2060 213 2118 ad
240 2058 343 2120 Volet.
372 2059 466 2120 Hace.
499 2058 539 2131 V,
580 2063 656 2123 Erat
678 2077 781 2121 autem
798 2073 912 2129 morer,
942 2056 1077 2140 Cyrene,

137 2163 252 2222 Lucan
267 2161 376 2234 11‚52‚
398 2159 540 2220 aduersus
581 2185 643 2225 vna
671 2185 709 2225 ex
730 2159 881 2247 Nymphis
905 2155 995 2218 huius
1018 2156 1077 2217 Hu-

127 2287 136 2322 ι
157 2264 249 2324 docte
270 2264 477 2342 disputantem
496 2264 540 2320 vi·
581 2271 683 2339 minis,
711 2265 882 2346 eademque
898 2263 996 2322 Penei
1013 2258 1076 2321 filie

128 2386 235 2425 uwenr
257 2367 347 2425 Noct.
365 2365 443 2447 Hag.
467 2384 538 2447 pag.
580 2370 633 2431 sou
648 2372 759 2449 neptis.
802 2365 895 2448 Apud
908 2363 1077 2424 Pindarum

128 2467 183 2550 qu·
224 2468 292 2528 Nec
314 2464 462 2526 offensum
487 2486 538 2526 ex·
579 2471 847 2550 1³.1x,90.121‚
875 2465 914 2526 ab
929 2465 1075 2546 Apolline

128 2585 179 2629 ont
207 2569 258 2630 seu
286 2568 355 2627 illa:
398 2567 538 2627 extremi
578 2574 630 2636 illo
648 2571 823 2654 inLibyam
843 2567 1019 2636 abducitur:
1044 2581 1077 2626 nt

128 2674 166 2738 it,
200 2670 251 2731 seu
273 2690 327 2741 θα,
356 2690 436 2753 quae
458 2668 537 2728 inim
580 2675 609 2736 h.
637 2676 659 2735 l.
686 2677 781 2755 patris
809 2674 927 2752 regiam
956 2669 1074 2729 incolit.

128 2789 209 2836 orato
230 2771 281 2836 vff.
313 2775 377 2851 359
400 2807 441 2818 -
460 2773 536 2842 362,
578 2780 677 2839 Porro
707 2773 789 2834 hunc
818 2771 937 2832 versum
965 2787 997 2833 et
1020 2768 1075 2830 hes

152 2880 236 2936 enim
278 2877 318 2936 ad
351 2876 472 2936 fontem
505 2887 537 2932 et
579 2881 719 2964 querelas
752 2897 790 2937 ex
822 2875 990 2936 Homerica
1021 2893 1074 2932 ox-

160 2977 295 3040 fluminio
329 2997 395 3038 non
433 2981 535 3036 minus
578 2978 785 3062 postulatione
833 2975 958 3038 Achillis
1004 2993 1074 3034 cum

145 3083 252 3144 referri
273 3095 401 3165 queunt.
454 3081 535 3140 Sane
577 3083 710 3143 Thetide
719 3081 805 3142 [lind.
820 3105 851 3151 α,
867 3082 930 3160 349
941 3077 1003 3160 sqq.
1023 3096 1075 3136 ex·

129 3209 182 3261 nn,
212 3207 249 3247 ex
276 3206 339 3266 qno
366 3183 436 3243 sons
462 3201 536 3261 pro·
577 3184 690 3268 preffas
707 3181 778 3257 effe,
806 3195 954 3244 notarunt
970 3179 1073 3259 intpp.

130 3305 189 3359 tur,
204 3301 354 3368 perpetui*
368 3283 449 3364 “pud
462 3302 536 3362 P00·
578 3290 640 3350 Sed
661 3286 787 3348 mirifice
814 3286 977 3345 exomauit
1003 3282 1074 3340 Vir-

130 3394 272 3449 uuiorum
286 3391 382 3469 regist,
399 3402 430 3445 et
440 3386 537 3468 Nym·
578 3392 668 3475 gilius
688 3390 772 3451 nude
795 3386 833 3448 ob
850 3387 988 3446 Homero
1010 3386 1075 3464 pri·

129 3514 171 3551 1m
193 3491 292 3559 sedes:
320 3488 401 3554 conf.
414 3489 536 3568 Spence
578 3516 663 3554 mum
690 3493 810 3553 tradita.
867 3487 958 3548 Conf.
982 3489 1077 3547 etiam

129 3608 194 3655 net.
213 3613 283 3674 pag.
307 3595 378 3654 226.
404 3611 476 3670 227,
505 3604 538 3650 et
578 3598 665 3658 Iliad.
683 3622 712 3670 a,
728 3616 770 3676 7⁰
784 3593 825 3674 sq.
846 3607 876 3653 et
892 3587 1072 3651 Clnlimoeh.

150 3712 237 3756 entre
261 3708 291 3754 et
312 3691 385 3756 vesti
406 3690 536 3754 receffut
578 3704 612 3761 in
628 3701 698 3762 cer.
712 3714 763 3780 99.
780 3728 822 3741 —
861 3697 935 3759 323.
960 3693 1074 3770 mynt-

129 3797 270 3858 isceribus
296 3812 397 3857 terroe
425 3796 537 3856 intelli·
578 3802 657 3869 bra,
695 3820 769 3883 eger
790 3797 921 3858 Troadis
928 3839 940 3871 ,
974 3795 1074 3856 fluuio

129 3905 156 3975 i,
198 3900 238 3959 ad
260 3920 338 3982 quos
360 3898 537 3981 peripsum
577 3900 749 3987 Thymbria
771 3905 930 3985 irrigatus,
967 3900 1021 3980 qui
1039 3899 1075 3955 in

130 4025 164 4065 m
189 4002 347 4063 descensus
375 4001 418 4061 fit.
475 4001 537 4060 Pro
581 4004 801 4066 Scamandrum
824 4025 893 4066 cum
914 4003 1076 4060 Simoente

130 4106 189 4188 tplo
219 4104 269 4165 hic
289 4105 376 4166 locus
399 4099 459 4165 effe
482 4125 541 4184 po·
582 4103 643 4170 iar'n
679 4111 819 4168 iunctum
860 4105 889 4165 se
922 4103 1076 4169 immittit,

147 4215 183 4272 in
196 4223 294 4296 poeta
307 4212 542 4294 interpretando
584 4213 658 4277 inno
672 4212 823 4297 Apollinis
842 4205 965 4274 nobilio.
993 4203 1076 4263 Stra·
