2692 4914
267 317 341 391 288
466 309 510 384 Ρ.
529 309 784 385 VIRGlLII
809 313 1074 387 MARONIS

268 509 316 581 Et
342 497 435 602 quid
455 519 629 598 quaeque
647 493 744 571 ferat
765 502 889 598 regio,
940 517 979 572 et
1007 501 1101 600 quid
1127 527 1301 606 quaeque

888 629 1044 706 recuset.

271 776 344 847 Hic
361 766 517 866 segetes,
559 759 636 836 illic
655 765 811 836 veniunt
829 759 974 839 felicius
999 791 1113 857 vuae;

272 905 430 982 Arborei
451 898 548 974 fetus
569 895 678 987 alibi,
707 915 822 998 atque
844 897 976 972 iniulla
996 899 1177 976 virescunt
1252 901 1300 977 55

273 1041 461 1116 Gramina
537 1034 677 1106 Nonne
711 1031 832 1125 videa,
876 1060 1034 1110 croceos
1068 1056 1109 1109 vt
1142 1038 1300 1111 Tmolus

887 1167 1037 1261 odores,

272 1349 345 1407 ond.
364 1360 391 1400 at
409 1362 452 1416 up.
472 1340 578 1396 Colum.
593 1341 646 1396 Η.
728 1342 763 1399 53
780 1344 852 1416 quid
866 1346 953 1417 sem
981 1348 1089 1419 muffet
1114 1347 1238 1402 nonnulli
1257 1366 1300 1420 ap.

269 1436 338 1490 Pier.
416 1431 451 1496 54
471 1427 540 1481 tuuc
559 1426 687 1482 Rottend.
718 1430 775 1483 Hic
784 1429 915 1502 segetes,
947 1441 1067 1487 veniunt
1086 1452 1163 1486 vaae
1181 1432 1302 1506 felicius

271 1521 334 1576 illle
347 1517 377 1570 in
389 1502 523 1568 nonnulli·
536 1511 599 1566 vidit
613 1512 721 1566 Pieriua.
767 1516 826 1567 Aa.
846 1518 880 1570 53
899 1517 934 1570 ad
946 1520 980 1572 58
1001 1517 1093 1573 lrudat
1112 1519 1174 1572 sen.
1195 1539 1239 1592 cp.
1257 1522 1299 1590 87.

270 1605 307 1661 55
324 1604 376 1655 Pro
401 1597 505 1670 laiuffa
528 1597 598 1650 male
622 1596 693 1674 apud
717 1598 784 1651 Pier.
810 1616 836 1654 et
858 1602 948 1655 fleini
982 1603 1026 1656 alii
1048 1604 1156 1676 inuffa,
1186 1603 1299 1674 inirastm

270 1691 307 1748 56
323 1685 421 1742 Motu
432 1683 517 1737 multi.
536 1701 561 1736 v.
575 1681 665 1736 Heinl.
706 1702 820 1736 cruceoe
839 1693 883 1739 vti
896 1689 986 1741 molus
998 1690 1079 1743 llum.
1120 1690 1235 1745 namtas
1248 1691 1298 1743 alii.

271 1846 382 1916 'eorum
423 1845 520 1907 cultus
561 1840 605 1906 eil
637 1847 763 1926 patrina.
804 1844 935 1922 nobilis,
957 1869 986 1909 v.
1005 1849 1051 1924 11,
1075 1853 1119 1932 98
1153 1872 1226 1912 eum
1244 1874 1301 1915 nu·

270 1958 325 2020 53.
353 1951 432 2012 Plin.
458 1945 582 2019 xvm,
609 1953 651 2026 47
688 1962 763 2009 extr.
805 1968 890 2022 cem,
916 1965 949 2010 et
970 1949 1156 2028 castaneam,
1194 1944 1298 2030 vitem,

270 2060 312 2119 Ῑιι
326 2047 564 2134 omniquidem
580 2063 680 2130 parce
696 2049 763 2107 cul·
803 2052 919 2111 malum
936 2068 968 2113 et
985 2056 1066 2116 mala
1079 2057 1201 2118 Punica
1222 2059 1301 2120 ferte

117 2215 124 2223 ,
204 2208 207 2212 ,
271 2174 369 2219 turae
395 2183 440 2200 —·-
473 2151 565 2212 valet
592 2152 763 2210 oraculum
804 2150 906 2213 allerir
920 2153 1080 2238 Theophr.
1095 2160 1135 2218 H.
1152 2160 1185 2221 P.
1199 2160 1255 2233 IV,
1271 2166 1300 2225 6.

268 2255 376 2322 illud:
404 2251 487 2338 quid
502 2271 652 2336 quaeque
671 2256 761 2332 regio
804 2269 836 2314 at
850 2257 984 2316 eundem
999 2279 1018 2318 a
1033 2280 1127 2321 croco
1144 2282 1300 2325 commen·

264 2361 427 2446 patiatur.
469 2353 536 2414 Iam
550 2357 585 2413 in
599 2357 635 2414 iis
642 2397 653 2429 ,
680 2376 761 2437 quae
804 2356 910 2418 datum
924 2378 1010 2420 nunc
1025 2361 1173 2424 videmus.
1199 2367 1300 2426 Succi-

268 2461 454 2544 fequuntur,
498 2454 627 2538 agnosce
660 2463 763 2538 poeti-
802 2462 849 2519 nit
867 2461 1000 2543 Virgilio
1015 2463 1188 2529 Columella
1203 2468 1258 2540 111,
1268 2470 1298 2541 8,

268 2585 338 2627 cam
365 2563 536 2632 rationem,
578 2556 762 2640 propofitio·
802 2566 903 2643 4qui
918 2578 1022 2625 tamen
1036 2566 1202 2628 Maronem
1216 2569 1299 2652 sequi

267 2687 344 2731 nem
368 2661 545 2748 generalem
566 2680 624 2742 per
644 2658 762 2744 singula
801 2669 921 2744 potuit3
960 2667 1059 2728 Solini
1088 2683 1127 2729 et*
1149 2671 1299 2732 Marciani

268 2768 411 2850 exempla
442 2763 617 2826 declarandi
649 2779 681 2824 et
711 2784 761 2824 or·
803 2771 978 2843 auctoritas,
1010 2790 1029 2829 a
1057 2771 1161 2832 Cerda
1180 2795 1299 2835 memo-

267 2871 376 2934 nandi.
425 2870 478 2946 54.
506 2865 569 2950 sqq.
603 2866 762 2927 Conuenit
801 2884 876 2943 rata,
906 2865 949 2930 est
968 2872 1061 2932 nulla.
1125 2874 1245 2936 Contra
1265 2880 1298 2936 in

266 2974 355 3037 locus
381 2990 451 3031 cum
477 2969 578 3030 Aetna
607 2971 668 3032 258
694 2968 759 3052 sqq·
802 2971 909 3031 Cilicia
932 2993 1038 3034 crocus
1056 2974 1208 3057 frequens
1228 2999 1297 3060 pro·

267 3077 321 3140 55.
361 3074 421 3133 Per
461 3073 617 3150 granum
660 3070 761 3132 decla-
801 3073 962 3147 veniebat,
997 3081 1139 3158 inprimis
1168 3078 1210 3138 ad
1238 3080 1297 3140 Co-

268 3180 329 3238 rari
359 3188 436 3257 puta
464 3173 583 3255 pascua.
631 3174 762 3256 inirqffa,
801 3181 921 3259 rycium
934 3182 1195 3257 promontorium.
1230 3182 1297 3244 Ser-

267 3278 394 3358 sponte,
433 3276 555 3337 Colmm
577 3277 617 3350 X,
641 3281 679 3341 16
707 3298 761 3337 na·
800 3283 867 3338 vius
887 3278 1033 3340 Tmolum
1054 3279 1183 3341 Ciliciae
1209 3304 1297 3344 mon·

268 3394 336 3438 tura
366 3378 438 3451 ioli,
484 3398 572 3461 quae
592 3411 636 3425 -
661 3375 762 3439 iniuffi
801 3391 865 3438 tem
881 3376 941 3439 elle
960 3380 1096 3456 dixerat,
1122 3383 1209 3444 vnde
1224 3386 1297 3444 Bm·

268 3477 487 3558 consternitur
529 3478 629 3540 ubere
671 3482 760 3542 mali.
800 3503 932 3542 mannus
946 3483 1094 3544 Tmolum
1116 3506 1176 3566 pro
1191 3487 1297 3549 Cilicia

267 3583 320 3646 56.
338 3581 457 3643 Nonne
474 3581 589 3643 vides:
618 3579 661 3643 est
679 3587 761 3642 inter
802 3585 916 3645 dictum
942 3585 1100 3661 censebat,
1145 3593 1221 3671 quia
1246 3611 1297 3651 ve·

234 3763 237 3768 ι
267 3683 414 3746 formulas
468 3689 760 3747 enumerationum:
802 3701 881 3747 terea
901 3691 935 3746 in
954 3687 1080 3748 Ciliciae
1100 3695 1232 3752 nomine
1251 3713 1297 3752 er·

267 3808 345 3872 pro,
374 3802 549 3869 praeterea,
581 3807 693 3869 porro:
728 3801 760 3846 et
800 3804 921 3861 aarum,
944 3810 1013 3847 cum
1030 3790 1174 3851 viderent
1189 3793 1298 3854 Cilicas

267 3887 361 3952 habet
390 3883 555 3974 ἐνέργειαν.
588 3886 648 3970 οὐχ
670 3882 758 3973 ὁρίας
801 3893 884 3972 apud
898 3894 1067 3953 Homerum
1081 3899 1250 3954 memorari
1264 3900 1299 3956 in

266 3995 351 4056 Atat.
364 3992 449 4055 Dios.
463 4014 510 4075 pr.
553 3995 661 4052 crocei
682 3989 760 4050 odo·
799 3992 913 4078 Myfia;
954 3991 1085 4075 potuille
1122 3996 1205 4058 adeo
1243 4019 1298 4060 eoa

267 4116 320 4158 ros
335 4117 394 4179 pro
408 4117 508 4159 croco·
556 4094 685 4155 Tmolus
698 4095 758 4178 Ly·
799 4100 891 4157 etiam
913 4099 1056 4171 credere,
1091 4099 1225 4182 Lydiam
1247 4101 1299 4160 Ci-

247 4186 336 4264 'diae
348 4195 469 4278 Ἰῐιὶοιιε,
505 4201 579 4265 vino
608 4195 757 4286 generoso
797 4197 891 4260 llcum
909 4199 995 4265 tuille
1016 4215 1049 4262 et
1064 4199 1175 4264 Cilices
1200 4223 1298 4287 usque
