2692 4914
99 293 205 414 ἠ
314 322 1030 413 oscsRM1NEovcomco‘
1115 432 1118 440 γ

159 542 227 600 tae
247 526 515 598 conditionem
544 549 594 596 ac
608 523 826 620 fortunam
860 523 955 596 huic
979 523 1118 624 generi
1142 522 1201 590 in·

150 654 277 751 serre,
301 669 340 723 et
359 649 539 749 fabulae
565 650 725 751 semper
763 652 905 724 eodem
939 667 1076 721 tenore
1105 673 1202 746 pro·

164 783 335 852 cedentis
378 780 561 849 taedium
602 794 726 879 grata
775 781 1005 848 variatione
1048 770 1201 847 leuare,

163 910 286 980 modo
321 907 516 978 iucundas
553 926 686 976 rerum
731 907 945 1006 imagines,
992 924 1099 1002 quae
1135 899 1203 968 de-

169 1035 334 1111 lectent,
387 1049 426 1103 et
466 1056 661 1132 congruas
690 1029 930 1128 sententias,
983 1023 1204 1100 adhibeas?

172 1163 390 1235 Enimuero
413 1161 459 1230 id
484 1159 611 1258 ipsum
636 1158 877 1255 difficultatis
897 1155 1018 1228 habet
1037 1155 1115 1226 boc
1141 1176 1206 1222 ar·

125 1370 131 1374 ᾗ
170 1286 350 1384 gumenti
371 1307 508 1381 genus,
534 1285 645 1379 quod
663 1310 757 1354 raro
770 1284 806 1372 Ὦ
831 1281 1000 1378 molestis
1023 1285 1207 1352 iniucun-

115 1489 119 1503 ,
169 1411 317 1483 darum
344 1434 478 1479 rerum
502 1408 741 1509 imaginibus
770 1407 934 1479 liberari
965 1427 1005 1479 et
1029 1406 1088 1480 ad
1109 1433 1206 1507 gra-

168 1553 256 1608 tam
281 1532 409 1613 illam,
444 1535 723 1614 inhaerentem
747 1540 882 1607 animo
915 1533 1070 1632 nostro,
1108 1533 1204 1630 sun·

163 1663 375 1762 plicitatis,
415 1660 625 1742 libertatis,
666 1672 705 1733 et
730 1663 973 1763 tranquillae
989 1663 1204 1760 felicitatis

169 1793 375 1867 notionem
403 1794 588 1860 reuocari
610 1786 739 1888 potest
743 1818 761 1875 ;
801 1816 880 1889 quo
909 1807 1034 1889 pacto
1073 1807 1114 1860 et
1146 1794 1203 1862 in·

160 1921 389 2018 secundum
406 1921 687 2015 ingratumque
702 1915 778 1985 boc
795 1943 919 2016 genus
940 1913 1006 2013 est,
1030 1933 1083 1995 et,
1109 1917 1205 1988 dum

170 2052 214 2120 in
249 2042 476 2146 angustiore
513 2066 612 2143 gyro
649 2058 868 2121 coercetur,
908 2044 1035 2115 multo
1052 2059 1205 2149 tamen

170 2177 301 2271 magis
329 2169 498 2249 laboris,
538 2174 654 2249 artis,
699 2187 738 2240 et
763 2166 999 2265 subtilitatis
1028 2176 1203 2271 requirit.

170 2302 354 2400 ,Quocum
382 2302 488 2367 enirn
514 2300 699 2397 quodque
721 2323 771 2368 ex
794 2298 1031 2368 Sunnazarii
1057 2298 1205 2395 idylliss

149 2440 283 2496 «caret
297 2429 345 2495 iis
357 2428 477 2502 vitiis,
507 2423 645 2523 quibus
664 2440 752 2495 tota
772 2423 886 2494 buius
895 2428 1070 2523 poetices
1082 2429 1203 2503 ratio,

171 2567 217 2622 vt
253 2553 435 2622 iucundis
469 2567 507 2620 et
539 2555 665 2649 gratis
694 2557 828 2623 rerum
860 2549 1107 2650 imaginibus
1139 2554 1202 2624 de·

170 2676 305 2754 lectet,
339 2678 523 2748 tollitur?

174 2856 180 2875 .
288 2804 525 2885 Enimuero,
564 2801 765 2900 sttotam
804 2801 977 2874 bucolici
1002 2808 1204 2894 ⁸carminis

171 2934 372 3002 rationem
401 2933 460 3004 tis
491 2934 653 3032 quidem
681 2928 852 3031 finibus,
906 2928 1047 3029 quibus
1083 2935 1204 3005 modo

172 3083 263 3129 enm
286 3056 665 3158 circumscripsimus,
701 3061 893 3129 contineri
918 3056 1064 3137 libeat,
1108 3061 1205 3158 quid

169 3205 327 3278 ¹magnae
352 3185 661 3260 Theocriteorum
692 3203 731 3258 et
754 3182 1042 3280 Virgilianorum
1076 3190 1205 3259 carni-

171 3329 263 3379 num
283 3314 379 3405 parti
398 3311 549 3404 facias,
582 3312 804 3382 videndum
826 3309 901 3381 tibi
926 3309 989 3408 esl,
1042 3315 1101 3385 Et
1126 3316 1205 3386 Vir·

171 3431 249 3528 gilii
277 3435 437 3529 quidem
461 3443 607 3536 quinta,
651 3437 821 3535 septima,
858 3454 897 3508 et
927 3458 1065 3513 octaua
1093 3443 1206 3513 haud

174 3554 311 3633 dubie,
354 3565 652 3657 quodammodo
683 3568 807 3633 etiam
834 3568 943 3635 tertia
972 3568 1119 3669 ecloga
1149 3570 1206 3640 ad

173 3676 397 3753 bucolicum
426 3714 547 3784 genus
581 3692 720 3787 referri
746 3696 916 3788 poterit,
959 3696 1123 3794 reliqua
1153 3695 1204 3768 ab

173 3831 221 3875 eo
244 3805 379 3878 aliena
412 3809 483 3906 esse
501 3816 634 3908 sacile
665 3835 841 3913 apparet.
856 3820 908 3907 **)
978 3825 1095 3923 Quae
1124 3828 1207 3922 qui-

204 3950 228 4008 )
247 3949 312 4002 Fieri
326 3953 395 4004 enim
409 3955 507 4024 potest,
542 3977 568 4013 vt
590 3964 660 4034 inge·
703 3966 819 4019 colorem
833 3983 860 4020 et
877 3983 987 4039 propter
1006 3968 1092 4040 ipsam
1111 3985 1205 4034 artem,

170 4032 216 4085 nio
232 4050 258 4086 et
272 4050 339 4095 arte
360 4056 410 4107 qua
423 4053 529 4094 tractata
541 4061 566 4097 et
580 4066 661 4100 enun
703 4070 783 4122 quam
808 4053 1060 4118 animaduertimus‚
1088 4058 1204 4110 mirano·

170 4117 318 4180 ti,11asunt
346 4121 457 4192 scipsa,
484 4145 550 4195 quae
569 4148 662 4185 natura
702 4155 764 4188 nem
787 4137 892 4192 faciant.

171 4201 280 4257 molesta
303 4204 374 4267 sunt,
416 4207 536 4266 asciscant
560 4231 661 4284 gratum
736 4223 944 4286 ”)Scmiusin
959 4240 1082 4296 prooem.
1103 4226 1132 4280 in
1150 4229 1202 4281 nu·
