2692 4914
413 338 489 414 au
522 341 824 419 avcomoa
1065 346 1140 441 247

187 527 218 588 A
241 527 343 608 poetis
366 521 433 588 sere
461 548 551 589 canes
573 545 800 602 memorantur,
844 547 962 611 eaeque
989 546 1080 588 verae
1102 547 1140 587 ac

87 630 272 719 terrestres.
313 633 457 695 Dubitari
480 650 584 697 tamen
604 641 653 695 vix
672 633 789 717 potest,
811 656 881 708 eos,
916 638 970 716 qui
984 637 1075 714 prImi
1093 634 1140 694 sa·

87 738 208 799 bolam
232 744 402 801 commenti
426 740 510 816 sunt,
555 763 625 802 cum
654 743 692 803 de
723 738 859 802 monstro
890 745 1008 801 marino
1034 760 1139 801 narra-

88 862 192 921 rent‚
225 844 344 908 belluas
369 868 496 930 quoque
521 853 653 908 mannas
676 852 706 908 ei
727 843 901 908 adiunxisse.
951 848 1049 906 Etiam
1073 847 1139 906 Ho-

87 971 204 1013 merus
226 951 249 1012 l.
269 952 308 1027 i,
348 950 402 1013 vbi
434 943 564 1038 Scyllam
593 959 703 1015 exertis
738 952 886 1035 capitibus
919 953 1061 1033 praedari
1094 954 1139 1012 ait

91 1063 182 1120 circa
210 1057 371 1140 scopulum
406 1062 569 1144 aquatilia,
617 1054 772 1139 Δελφῖνᾶς
802 1084 836 1123 τε
862 1075 965 1120 narrat
991 1052 1138 1129 assuere

90 1165 150 1229 aad
182 1164 288 1230 εἴτοθι
315 1160 418 1251 μεῖζον
444 1165 532 1255 ἕλῃσι
561 1165 655 1249 Κῆτος
721 1163 884 1227 Probabile
913 1169 1018 1249 itaque
1043 1165 1075 1226 sit
1097 1164 1138 1227 de

87 1269 205 1352 phoca
228 1291 300 1332 eum
320 1269 484 1354 cogitasse:
529 1293 620 1354 quam
645 1272 773 1332 vituium
795 1278 946 1333 marinum
968 1278 1030 1334 iam
1053 1289 1137 1336 vete·

88 1398 145 1439 res
172 1377 385 1458 appellarunt,
429 1385 483 1462 qui
508 1379 591 1439 idem
621 1386 788 1439 etiamnum
810 1382 905 1441 modo
926 1384 1018 1441 canis
1040 1382 1137 1449 modo

90 1484 173 1565 lupi
190 1486 315 1544 marini
338 1489 467 1546 nomine
486 1490 589 1555 venit:
624 1484 769 1567 phocam
787 1485 938 1566 pastilam
951 1491 1042 1550 Linn.
1065 1511 1136 1552 eam

90 1588 208 1650 haberi
231 1591 336 1653 audio.
393 1589 521 1652 Iconem
544 1608 576 1652 et
597 1591 832 1671 descriptionem
853 1594 938 1653 vituli
962 1600 1071 1655 manni
1094 1600 1136 1658 vi·

91 1696 173 1758 deas
196 1716 245 1777 ap,
268 1696 491 1758 Rondeletium
514 1698 553 1758 de
577 1699 708 1758 Piscibus
737 1702 860 1758 marinis
884 1697 936 1759 lib.
952 1702 1038 1775 XVI,
1063 1725 1087 1762 c.
1103 1707 1135 1767 6.

91 1803 252 1864 Maiorem
273 1800 386 1863 horum
406 1801 634 1885 amphibiorum
658 1806 731 1865 olim
755 1808 788 1863 in
805 1805 1033 1868 mediterraneo
1057 1812 1135 1870 mari

90 1910 303 1991 frequentiam
324 1907 412 1972 suiIIe
441 1908 574 1981 constan
614 1911 652 1970 ed
673 1910 748 1971 fines
767 1911 901 1996 Aegypti
924 1912 1057 1976 desertos
1075 1935 1135 1977 no-

93 2032 142 2077 tas
158 2037 267 2078 eorum
285 2015 371 2078 sedes
393 2022 539 2078 nouimus
561 2038 598 2077 ex
622 2013 726 2100 odyff.
742 2018 774 2090 d,
796 2017 848 2078 vbi
870 2019 909 2079 de
931 2020 1045 2084 Proteo
1070 2028 1135 2107 agi·

92 2139 157 2184 tur.
215 2124 351 2183 Narrant
373 2121 481 2210 nostris
503 2144 630 2208 quoque
652 2124 841 2204 temporibus
870 2146 978 2188 canum
998 2135 1134 2194 marino·
1242 2181 1245 2191 .

92 2251 166 2291 rum
205 2234 284 2291 circa
314 2235 566 2312 promontorium
597 2231 770 2314 Scyllaeum
804 2237 961 2315 ingentem
999 2232 1133 2320 conspici

92 2339 234 2416 oepiam3
262 2337 362 2398 multo
378 2344 473 2420 magis
492 2336 553 2398 hoc
574 2341 616 2397 ita
637 2336 665 2399 se
687 2337 794 2398 habuit
809 2342 1033 2422 antiquioribus
1055 2360 1133 2408 tem·

92 2435 240 2525 poribus,
277 2464 348 2504 cum
370 2459 401 2504 et
425 2442 616 2528 thynnorum
636 2443 762 2525 piscatio
782 2450 860 2507 circa
877 2449 1047 2534 Scyllaeum
1068 2451 1133 2514 bel·

92 2549 215 2610 luarum
236 2547 361 2610 iliarum
383 2570 479 2631 opera
502 2553 749 2632 exerceretur.*)
791 2552 916 2614 Duxere
933 2578 1059 2641 qnoque
1074 2562 1133 2620 viri

93 2657 181 2717 docti
198 2677 315 2718 nomen
337 2656 456 2741 Scyllae
476 2656 514 2718 ab
539 2658 647 2718 iisdem
654 2682 665 2739 3
699 2655 743 2720 est
763 2663 846 2721 enim
871 2655 989 2743 σκύλαξ
994 2705 1005 2737 ,
1039 2657 1132 2730 ensi..
1207 2685 1211 2691 ·

93 2765 165 2836 λος,
193 2758 325 2828 rasile.

179 2944 301 3006 Interea
329 2947 363 3004 in
393 2947 464 3006 artis
492 2942 607 3026 priscae
631 2944 793 3026 operibus,
828 2964 896 3009 non
916 2953 1012 3033 magis
1035 2972 1148 3035 quaar-

93 3055 128 3112 iu
149 3055 269 3132 poetis,
297 3052 374 3112 aliae
390 3072 483 3134 quam
497 3072 588 3112 verae
607 3074 697 3112 canes
716 3049 868 3133 expressae
891 3054 950 3116 else
974 3059 1127 3135 videntur,

91 3158 199 3220 saltem
228 3174 379 3242 quantum
411 3175 447 3218 ex
480 3178 588 3218 eorum
623 3158 806 3242 apographis
839 3158 952 3243 assequi
988 3161 1129 3247 possum5

90 3287 187 3326 vnum
208 3265 251 3327 cit
271 3266 475 3347 fragmentum
497 3273 530 3324 in
551 3266 661 3324 Marm.
680 3268 781 3327 Oxou.
798 3268 831 3328 P.
847 3269 878 3342 1,
899 3269 1064 3345 CXXXII,
1092 3277 1128 3338 in

90 3394 157 3456 quo
181 3392 215 3432 os
241 3376 323 3431 canis
352 3374 480 3452 propius
501 3370 534 3430 lit
558 3377 604 3434 ori
629 3371 741 3435 bestiae
763 3377 911 3458 aquatilis.
966 3379 1127 3443 Lucretius

88 3479 131 3551 V,
148 3481 214 3558 890
248 3475 375 3537 rabidis
398 3477 537 3537 canibus
552 3478 743 3555 fiicciuetas
760 3483 985 3559 semimarinis
1006 3486 1127 3567 Carpo·

89 3585 184 3646 ribus
215 3583 338 3665 Scyllas
368 3585 460 3645 dixit:
505 3582 549 3643 ibi
580 3600 683 3648 tamen
712 3609 777 3650 non
808 3611 897 3650 canes
925 3588 976 3650 sed
1005 3592 1126 3676 Scyllae

86 3691 160 3755 sunt
183 3690 380 3752 senrimarinii
402 3690 599 3773 corporibus:
634 3715 724 3777 ,quas
750 3716 808 3776 pro
838 3716 896 3757 vna
918 3697 1015 3781 Scylla
1038 3698 1127 3759 semi·

86 3802 212 3862 marino
235 3818 368 3882 corpore
396 3798 489 3875 dixit,
526 3799 665 3885 respectu
690 3803 815 3863 caudae.
872 3802 985 3864 Lusere
1006 3820 1124 3868 veteres

120 3982 208 4048 ⁶)CI.
231 3982 328 4039 strabo
355 3980 400 4035 lib.
415 3983 437 4046 I,
463 3985 587 4060 p·43sq.
630 3987 708 4042 κύνας
746 3987 873 4054 λέγεσθαί
906 3996 979 4054 φασι.
1036 3985 1124 4038 Etiam
1191 4053 1196 4060 ι

86 4068 247 4139 ePonbiot
280 4069 325 4143 qui
341 4085 537 4127 tameneenes
554 4073 589 4141 de
632 4071 747 4144 Oppian.
775 4072 890 4124 Halieut.
917 4071 950 4131 V,
978 4069 1038 4124 365.
1071 4067 1124 4140 576

86 4158 145 4210 alio
158 4155 267 4228 piscium
280 4175 375 4230 genere
388 4159 503 4230 accepitr
526 4161 589 4216 rozir
632 4175 717 4210 canes
735 4172 762 4212 et
782 4157 892 4228 phocas
910 4153 1052 4224 distinguit.

85 4246 249 4315 γαλάνας,
287 4238 333 4301 ov‘r
358 4249 401 4300 sci
430 4251 520 4313 ξιφίαι
545 4253 588 4300 ael
