2700 4906
136 343 220 434 eet
354 333 396 405 a.
417 290 668 407 vntornn
700 323 970 400 nanorns

147 520 324 597 Caeditur
341 536 380 594 et
403 519 699 625 veterea'ineunt
722 511 917 613 proscenia
946 474 1044 599 iudi,

144 660 393 754 Praemiaque
413 653 569 748 ingeniis
593 673 710 748 pagos
736 665 774 722 et
797 650 966 747 compita
991 648 1130 720 circum

112 797 115 801 ’
147 787 331 865 Thesidae
349 783 521 888 posuere3
557 799 671 881 atque
700 784 799 857 inter
826 779 968 882 pocula
993 779 1086 854 laeti

226 958 277 1012 382
298 962 425 1026 ingentes
449 949 490 1003 vel
510 955 633 1020 ingentis
656 947 734 1020 volgo
760 945 874 1017 lootont;
908 946 943 1001 fc.
961 943 1110 1005 natine.
1125 934 1168 994 -etfi

148 1041 248 1100 Pieriut
270 1042 323 1093 iam
342 1033 572 1099 commendauerat
592 1031 718 1092 alternate
755 1033 790 1092 ad
810 1033 884 1107 quod
903 1032 1088 1106 recipiendum
1106 1027 1170 1080 mite

149 1127 185 1180 rio
207 1122 342 1179 Heinfiunt
363 1122 408 1174 hic
428 1118 494 1173 adeo
510 1116 631 1172 timidum
650 1116 731 1172 ioiil'o.
770 1120 901 1192 Ingentis
922 1118 1042 1190 reposuit
1058 1116 1169 1170 Bam

149 1228 200 1264 not
221 1227 252 1262 ex
271 1204 451 1278 antiquiss'tmie
463 1204 555 1264 Pierii,
574 1201 748 1274 Philargyrio‚
767 1204 827 1258 cod.
843 1202 945 1267 vistai,
963 1218 992 1258 ot
1006 1202 1051 1256 od.
1066 1201 1129 1255 Van.

152 1349 324 1408 minimum
341 1345 426 1409 vices
440 1357 542 1426 atqua
558 1342 648 1402 oleas
688 1344 746 1425 qni
765 1344 892 1422 tragico
914 1343 1021 1404 vilem
1043 1338 1169 1402 certm't

153 1480 197 1500 ...
226 1449 280 1508 Sic
295 1447 450 1526 facetam,
475 1460 513 1504 ot
526 1444 645 1504 Libero
688 1444 732 1506 od
750 1447 878 1506 hircum
898 1446 1012 1506 Horat.
1031 1446 1094 1507 Art.
1109 1460 1169 1503 tao.

151 1551 253 1632 patri,
275 1549 437 1630 repertori
450 1549 540 1615 vitt's,
562 1547 648 1606 hirci
687 1549 725 1608 ci.
747 1547 930 1632 Tiberin,
957 1569 987 1620 t,
1009 1551 1053 1612 55
1086 1562 1116 1607 et
1133 1542 1169 1603 ibi

153 1649 423 1720 immolarentur,
437 1648 590 1732 proinde,
608 1663 647 1708 vt
685 1651 777 1723 Not,
797 1670 939 1712 necnon
954 1646 1175 1730 hircInirpeili·'

153 1758 262 1838 capita
284 1754 404 1815 darent
419 1772 555 1835 poenas.
606 1751 646 1816 Et
685 1750 742 1813 bus
757 1753 835 1816 vtr'es
850 1752 939 1831 facti,
966 1756 1002 1824 in
1016 1774 1094 1837 qnos
1111 1749 1170 1811 oleo

152 1873 246 1921 notus
263 1852 305 1916 est
318 1857 403 1918 locus
419 1854 512 1924 Ouid.
532 1849 607 1924 Faii.
619 1852 644 1923 1,
686 1857 831 1922 inunctor.
858 1851 1026 1915 adfilirent.
1084 1854 1169 1926 Tum,

154 1961 219 2022 353
233 1958 313 2041 sqq.;
338 1973 370 2018 et
390 1961 511 2040 quoties
525 1974 591 2015 non
612 1957 646 2012 in
686 1955 772 2037 quod
798 1971 912 2036 poetae
938 1955 1057 2017 licebat
1077 1960 1109 2016 in
1129 1973 1170 2015 or·

157 2064 285 2144 gemmis
312 2079 405 2139 caper
430 2061 506 2118 vites
527 2069 579 2114 aut
599 2074 646 2113 ar·
686 2074 792 2118 natum
807 2057 996 2138 captandum
1013 2056 1169 2140 exsperiri,

151 2161 247 2228 'bores
294 2159 441 2220 arrodens
489 2155 645 2217 occurrit?
687 2159 845 2242 quomodo
861 2181 898 2221 ex
914 2157 1171 2225 Graecorumillit

154 2263 251 2322 Recte
276 2260 369 2339 haec3
400 2258 481 2320 vnde
502 2256 568 2323 satit
592 2278 644 2343 ap·
685 2262 773 2333 saeris
806 2264 915 2334 Latina
952 2262 1094 2333 eiusdem
1128 2259 1171 2320 dei

152 2378 242 2446 paret
257 2366 348 2443 primi
365 2360 465 2421 versus
484 2359 643 2426 sententia.
685 2362 765 2425 sacra
777 2363 931 2438 fluxerint,
949 2378 1169 2427 commemorat.

139 2465 197 2528 -ob
220 2450 299 2527 itanc
318 2463 429 2523 vitibus
449 2462 562 2524 illatam
586 2481 643 2522 no·
685 2463 807 2526 illustris
837 2467 922 2527 locus
956 2466 1018 2538 est3
1065 2464 1168 2549 tinguit

152 2590 222 2631 xant
244 2567 361 2627 hircum
382 2570 416 2624 in
430 2562 541 2624 Bacchi
557 2563 643 2624 sacris
685 2568 865 2629 videbimus.

150 2674 298 2749 mactari3
344 2684 376 2728 at
401 2671 484 2727 enirn
514 2668 644 2728 eandem
727 2674 799 2735 581.
823 2686 952 2729 veteres
972 2669 1048 2729 Iudi
1063 2673 1167 2730 ineant

152 2778 247 2835 etiam
266 2770 308 2833 ob
324 2766 454 2836 cauffam
471 2770 535 2831 ludi
549 2769 644 2829 sceni-
680 2775 866 2854 proscenia,
885 2794 956 2853 pro,
985 2774 1073 2845 olim,
1100 2773 1168 2832 enti·

154 2881 182 2936 ci
195 2877 287 2936 iacti?
315 2875 445 2935 eandem
459 2872 501 2934 ob
515 2868 644 2931 caudam
685 2880 752 2956 quis
766 2875 968 2956 temporibus,
990 2875 1058 2935 ludi
1073 2880 1104 2934 in
1117 2873 1168 2932 soe·

152 2977 361 3040 ascoliasmus?
414 2976 526 3036 hincne
553 2973 644 3033 Libe·
683 2996 754 3037 nam
774 2978 908 3045 inducti,
936 2976 1025 3050 iacti,
1055 2975 1168 3038 exhibiti

151 3082 249 3140 ralia?
267 3095 299 3141 et
319 3079 459 3161 reliqua?
492 3079 576 3137 Haec
589 3095 643 3136 ne·
684 3077 760 3138 sunt.
799 3079 1030 3160 proscenium,
1052 3081 1166 3161 proprio

150 3187 229 3244 mini
245 3177 367 3241 molesta
383 3181 479 3244 fuere.
522 3181 644 3240 Scilicet
684 3198 754 3242 ante
787 3180 905 3242 scenam
941 3181 1043 3243 versus
1071 3180 1166 3243 orche·

150 3290 290 3366 poeticus
323 3297 447 3341 ornatus
477 3281 642 3343 sententiaa
683 3281 788 3355 stram,
844 3284 997 3364 pulpitum
1027 3283 1165 3353 habebat,

150 3400 235 3448 recte
266 3383 461 3462 accipiendae
491 3399 521 3444 et
549 3391 643 3444 inter·
683 3406 749 3468 quo
777 3401 894 3447 actores
921 3386 1108 3466 prodibant,
1139 3381 1165 3443 lt.

149 3485 336 3569 pungendae
353 3483 468 3556 obinit,
499 3506 578 3568 quae
599 3491 640 3547 ita
682 3487 701 3548 l.
716 3492 842 3548 omnino
857 3509 915 3568 pro
930 3487 1019 3548 scena
1033 3486 1165 3571 pofittun.

149 3587 320 3669 procedere
355 3586 466 3646 debon
520 3588 565 3650 Ea
601 3588 640 3648 da
681 3593 753 3653 582.
775 3593 848 3655 385.
887 3589 1057 3665 Thesidae,
1082 3590 1167 3653 Athe·

149 3685 249 3748 cauffa
265 3707 356 3769 caper
374 3692 407 3747 in
422 3687 532 3749 Bacchi
553 3688 639 3753 sacris
681 3691 817 3764 nienses,
850 3693 990 3773 posuere
1008 3696 1165 3774 praemio,

149 3790 335 3861 immolatur,
371 3804 412 3864 et,
449 3812 518 3852 cum
539 3790 639 3852 hircut
680 3814 738 3873 pro
753 3800 901 3874 praemio,
926 3795 1065 3870 hircum,
1085 3801 1166 3875 inge·

148 3892 240 3955 semel
254 3890 374 3952 Baccho
394 3892 475 3954 sacer
488 3890 577 3966 effet,
604 3897 638 3954 in
680 3899 761 3965 niis,
784 3894 816 3956 h.'
829 3902 945 3980 poetis,
969 3902 1094 3958 circum
1111 3917 1166 3979 po

147 4011 252 4058 vetere
287 3996 442 4079 tragoedia
469 3995 637 4057 Athenien·
676 4018 736 4076 gos
764 4015 797 4059 et
825 4003 978 4080 compita.
1030 4004 1112 4064 Nota
1132 4000 1166 4060 do

146 4095 220 4160 fiunt
239 4119 330 4180 caper
347 4104 447 4181 poetis
467 4103 636 4181 praemium
673 4088 776 4181 'prima
789 4109 833 4163 rei
847 4103 982 4165 scenicae
994 4111 1115 4188 origine
1129 4104 1168 4164 ia·

147 4217 213 4264 erat
240 4200 449 4287 propofitum,
492 4205 637 4268 carmine
678 4202 759 4266 bula.
783 4227 810 4268 v.
824 4208 943 4269 Horatii
958 4210 1024 4273 Ast.
1042 4212 1103 4293 275
1116 4206 1166 4292 sq„
