2692 4914
106 356 112 405 i

246 312 1038 405 otoncrcoutrn.urata-aea
1114 309 1186 408 59⁵

106 549 111 594 Ι
155 519 348 607 Aequom
370 527 443 578 nec
458 501 577 582 miseri
590 499 740 603 pellunt
756 504 1136 604 reuocare'parentes‚

106 688 109 728 ᾗ
154 645 237 716 Nec
251 644 431 713 moritura
449 636 556 739 super
571 637 715 713 crudeli
735 636 866 712 funere
887 642 1001 737 virgo.

156 773 260 872 Quid
275 774 401 868 lynces
414 772 551 849 Bacchi
563 777 695 863 variae,
726 790 763 846 et
778 763 893 871 genus
908 796 994 846 acre
1013 771 1188 871 luporum

154 912 281 1012 Atque
302 905 462 985 canum?
497 905 605 1014 quid,
641 933 739 1009 quae
760 906 916 981 inbelles
937 906 1026 982 daut
1043 904 1188 1005 proelia

822 1039 952 1119 cerui?
1112 1035 1186 1112 265
1221 1107 1222 1110 ,

173 1147 178 1155 ’
206 1175 356 1252 Scilicet
373 1191 460 1248 ante
479 1176 600 1297 omnis
618 1171 723 1249 furor
746 1171 807 1249 ost
819 1171 966 1273 infignis
987 1198 1186 1276 equarum3

154 1313 204 1386 Et
217 1330 383 1384 mentem
397 1313 524 1384 Venus
539 1305 614 1409 ipsa
627 1308 747 1399 dedit,
776 1336 853 1409 quo
869 1328 1039 1411 tempore
1056 1309 1189 1384 Glauci

154 1444 357 1520 Potniades
377 1446 483 1520 malis
504 1441 671 1519 membra
694 1440 898 1519 ablumlere
926 1443 1139 1548 quadrigae.

225 1657 275 1712 263
286 1656 401 1728 funera
413 1655 538 1710 Rottend.
554 1655 599 1710 alt.
634 1655 752 1709 vulnere
765 1653 833 1706 Ven.
861 1652 915 1707 Sed
927 1654 979 1707 vid.
992 1655 1056 1710 Aen.
1071 1655 1185 1717 timot.

155 1743 210 1809 264
226 1760 312 1813 pecus
332 1760 399 1793 acre
425 1741 496 1794 Gud.
524 1759 573 1814 pro
600 1740 654 1795 diu.
675 1739 736 1792 lect·
782 1737 901 1793 Eandem
918 1737 1093 1795 diuetl'ttatern
1112 1757 1190 1795 notat

153 1829 247 1881 Burm.
269 1845 301 1879 ex
320 1829 385 1879 Aen.
408 1828 452 1888 Ill,
473 1844 533 1880 221.
615 1827 666 1880 265
687 1842 771 1876 canes
792 1822 845 1878 Erf.
883 1833 1014 1895 qutaque,
1050 1826 1184 1896 quidque,

154 1931 301 1985 quaeque,
336 1920 453 1985 quique,
492 1911 667 1964 aberrationm
689 1908 759 1980 apud
778 1909 867 1961 Burm.
890 1906 1077 1964 assentiendum
1099 1928 1188 1967 tamen

155 1998 260 2061 Voffio,
275 2000 319 2072 qui
332 2006 436 2069 quique
444 2013 569 2071 tanquam
581 1995 685 2049 mollius
699 1993 779 2064 eligit.
803 2002 834 2047 tta
849 1994 1022 2054 talliottam.
1074 1999 1125 2053 268
1135 1998 1187 2052 ad·

144 2083 291 2157 sumsere,
320 2081 469 2157 affuensm
482 2080 594 2146 ibidem,
621 2097 648 2135 et
664 2079 693 2136 iat
712 2078 796 2134 Goth.

106 2262 272 2325 Mo
291 2276 324 2322 et
352 2261 492 2322 Homero
521 2262 654 2342 petitum
693 2252 808 2338 perstet
831 2252 891 2318 elle
910 2255 1014 2330 nolet,
1048 2279 1120 2321 eum
1139 2283 1188 2325 re

157 2363 239 2438 elle,
277 2367 338 2423 iarn
365 2365 399 2422 in
420 2363 537 2422 Seneca
560 2358 653 2442 Epist.
695 2363 781 2422 tinet
828 2361 899 2436 264.
921 2360 1090 2440 maculosa
1109 2365 1189 2482 Ιγηφ

161 2467 312 2530 108extr.
332 2463 454 2546 legitur.
496 2465 616 2527 Ratio
607 2483 653 2523 ιιι.
693 2461 771 2528 Aen.
786 2459 812 2532 1,
830 2463 904 2524 525.

148 2564 206 2630 ⁵ter
219 2566 347 2648 plures
338 2586 462 2640 manee,
489 2587 563 2648 quaa
579 2562 653 2625 affe·
758 2564 831 2626 266.
862 2563 946 2643 Quid
969 2561 1046 2627 baec
1069 2566 1188 2654 lingula
1231 2547 1235 2552 ’

154 2685 232 2730 runt
257 2668 379 2749 Intpp„
419 2667 490 2727 ver‘a
519 2666 562 2728 est
589 2669 651 2740 illa,
695 2684 944 2739 commemorem,
963 2677 1188 2754 cumomnium

154 2771 245 2855 quod
265 2772 371 2842 caelo,·
398 2771 544 2856 Olympo,
576 2791 653 2851 poe·
694 2762 963 2846 praesentilsunum
1013 2775 1188 2852 exemplum

155 2890 209 2937 tae
231 2871 371 2934 tribuunt
390 2877 523 2956 regiam,
561 2872 654 2933 adeo·
696 2871 731 2926 in
759 2871 845 2949 equit
863 2865 938 2947 ipfie
959 2865 1011 2943 fit,
1059 2870 1130 2935 binc
1150 2873 1187 2945 η*
1308 2912 1311 2919 .

156 2996 221 3059 que
256 2979 349 3037 etiam
383 2976 482 3048 fores,
534 2976 652 3047 limina,
698 2969 838 3037 Scilicet,
854 2972 968 3050 vtique,
1013 2975 1083 3053 267.
1099 2997 1188 3042 men.

151 3094 281 3163 portas.
325 3077 405 3139 conf.
422 3079 547 3137 Homer.
567 3076 653 3140 Iliad.
696 3088 832 3153 tempto
847 3071 951 3133 indole
967 3071 1058 3147 dixit,
1079 3095 1110 3138 vt
1125 3096 1188 3143 tam

157 3207 186 3254 ι,
206 3189 278 3261 749,
310 3179 347 3253 θ,
369 3183 432 3260 393
450 3180 491 3262 sq,
557 3182 654 3261 Argu.
695 3174 809 3241 furioso
823 3192 927 3236 amore
939 3178 1105 3255 rapiantur.
1130 3185 1185 3245 Fe.

158 3298 262 3344 tantur
283 3302 408 3364 quoque
428 3285 462 3342 in
485 3280 542 3341 bac
565 3297 655 3362 porta
695 3276 767 3340 bula
790 3279 829 3338 de
850 3276 977 3338 Glauco
999 3280 1107 3343 velex
1129 3287 1188 3354 Pa.

158 3406 196 3445 ac
211 3384 354 3446 descensu
369 3377 436 3456 alii,
464 3384 653 3464 vtApollon.
695 3379 840 3462 laepbato
875 3397 908 3442 et
942 3382 1058 3446 Ouidio
1095 3403 1189 3472 noto;

156 3487 215 3560 111,
243 3492 300 3568 159
320 3487 391 3569 sqqt
423 3485 493 3551 add.
516 3485 654 3548 Macrob.
697 3485 736 3545 ad
757 3482 786 3547 b.
806 3485 826 3544 l.
849 3482 968 3545 Probus
991 3506 1058 3547 eam
1088 3489 1187 3556 affert.

154 3589 184 3662 1,
205 3610 254 3666 17,
276 3610 346 3671 pag.
361 3592 433 3652 306.
482 3589 586 3650 Nolim
604 3609 657 3647 au·
697 3586 807 3648 Alebet
841 3587 893 3647 ille
927 3608 1023 3672 equos
1050 3593 1189 3673 Poenos,

158 3707 224 3753 tem
247 3693 287 3754 de
310 3693 385 3752 loue
409 3695 554 3773 cogitari,
603 3693 657 3773 qui
700 3693 753 3773 qui
768 3690 915 3750 Boeotiae
928 3695 1011 3752 vicus
1027 3713 1100 3769 erat,
1122 3721 1188 3764 nou

157 3799 241 3856 intra
269 3809 390 3878 portam
416 3794 494 3854 caeli
515 3790 588 3865 liet,
619 3807 657 3854 et
698 3792 792 3873 longe
807 3812 825 3851 a
839 3791 970 3867 Thebis,
1003 3798 1112 3879 quibua
1127 3804 1189 3863 Ve-
1266 3786 1269 3798 ’
1312 3871 1313 3874 ¹

156 3920 219 3983 per
233 3894 341 3959 ostium
359 3897 483 3956 fulmine
502 3897 601 3953 iaciat.
616 3924 658 3941 -·
699 3914 756 3955 nus
774 3895 908 3954 furorem
929 3887 1066 3972 immifit,
1092 3920 1123 3962 vt
1141 3909 1188 3986 ip-

159 4004 235 4063 262.
264 4001 335 4062 263.
365 4000 430 4059 Nec
453 4000 599 4080 cogitatio
620 3997 658 4059 de
699 3993 756 4058 saut
772 3996 890 4059 domini
910 3999 1045 4060 membra
1063 4002 1188 4069 dilanie-

155 4103 246 4163 luctu
279 4116 462 4181 parentum,
507 4115 539 4160 et
573 4100 659 4181 quod
700 4115 784 4173 rent,
813 4106 959 4184 quoniam
976 4101 1068 4163 abeo
1085 4103 1189 4171 abed.

156 4219 264 4292 amata
288 4204 394 4285 puella
416 4208 479 4267 eiua
500 4207 593 4269 motti
615 4203 660 4266 su·
700 4199 839 4267 miffion'e
880 4204 1071 4270 arcebantur.
1132 4210 1189 4271 Dt-
1293 4258 1297 4271 .
1337 4260 1341 4273 .
