2692 4914
143 350 197 427 14-
313 341 384 415 DE
416 338 682 414 CARMINE
703 340 1002 415 BVCOLICO

140 529 228 598 'ratis
250 525 446 600 amborum
472 523 609 598 finibus
635 524 723 598 exul
747 528 822 596 Aut
843 527 985 597 Ararim
1007 521 1169 596 Parthus

139 658 244 734 bibet
275 678 340 733 aut
359 661 572 761 ³Germania
599 662 760 760 Tigrim3
811 676 850 730 et
876 658 972 730 illa:
1015 659 1065 735 At
1097 679 1172 728 nos

139 793 227 868 hinc
254 793 315 865 alii
347 792 506 868 fitientcs
536 792 672 867 ibimus
699 789 825 882 Afros,
864 794 953 864 Pars
981 790 1173 882 Scythiam

138 945 179 1010 et
200 926 371 1028 rapidum
394 930 527 1002 Cretae
546 930 737 1000 veniemus
756 929 912 1001 Oaxem.
969 925 1089 1025 Quod
1112 928 1172 996 in·

126 1060 264 1163 fames
299 1086 425 1133 mores
453 1056 658 1159 pastorum
691 1085 771 1132 vno
800 1061 952 1159 saltem
979 1059 1070 1129 loco
1105 1083 1173 1128 ex-

130 1190 265 1295 preffit
298 1192 407 1288 (Ecl.
427 1196 495 1266 III
507 1198 616 1293 pm),
658 1193 735 1264 hoc
765 1213 852 1268 erat
880 1192 990 1298 quod
1020 1194 1096 1262 vix
1117 1187 1172 1260 ab

136 1331 218 1426 eius
260 1324 489 1399 urbanitate
532 1324 836 1427 expectabamus
843 1352 858 1410 ;
911 1348 993 1398 non
1039 1325 1174 1422 magis

134 1483 260 1559 quam
301 1457 401 1529 haec
440 1460 557 1529 nimis
593 1458 771 1531 obnoxia
805 1474 843 1528 et
872 1454 1034 1552 seruilis
1064 1481 1174 1555 pene

137 1591 338 1662 Theocriti
359 1594 544 1662 imitatio.
581 1594 733 1667 Contra
756 1593 1010 1661 mirationem
1023 1588 1173 1685 facere

129 1721 270 1824 potest,
303 1727 415 1824 quod
437 1741 607 1795 metrum
628 1725 872 1802 bucolicum,
909 1727 1020 1794 cuius
1044 1721 1174 1794 Theo·

132 1861 254 1929 oritus
295 1853 595 1954 studiofiffimus
640 1859 754 1956 fuit,
815 1858 1050 1957 plerumque
1107 1882 1179 1927 ne·

127 1991 321 2091 glexerit.-
373 1992 484 2088 quod
514 1987 660 2086 paffim
692 2018 721 2062 a
748 1990 880 2062 multis
914 1988 1176 2087 obseruatum

131 2120 205 2217 est:
240 2124 348 2191 cuius
378 2126 438 2191 rei
469 2117 603 2218 cauffo
629 2121 873 2223 potiffimum
905 2127 949 2193 in
966 2122 1172 2220 sermonis

130 2256 307 2325 Romani
329 2253 466 2324 indole
492 2257 720 2357 pedumque
747 2276 786 2329 et
813 2283 1075 2331 numerorum
1097 2283 1175 2329 na·

80 2434 87 2445 ,
130 2400 225 2457 cura
268 2379 385 2481 ineffe
428 2389 598 2460 videtur.
704 2393 787 2471 Aa¹
811 2417 909 2464 ‘uero
950 2394 1010 2462 in·
1039 2389 1173 2463 verbis

130 2511 304 2616 agrestia
327 2534 367 2587 et
376 2516 545 2612 soloeca
559 2521 752 2623 sequutus
762 2522 839 2619 stt,
872 2550 955 2595 non
981 2527 1176 2623 equidem

126 2647 253 2742 ausim
287 2657 559 2747 pronuntiare.
631 2661 743 2731 Nam
784 2656 948 2754 diuersa
989 2683 1053 2729 res
1091 2655 1169 2754 est,⁹

125 2776 200 2881 effe
221 2783 326 2853 dura
346 2786 556 2866 nonnulla,
582 2813 687 2886 quae
708 2796 752 2861 in
773 2792 834 2863 tis
859 2790 1009 2890 eclogie
1028 2817 1173 2864 occur-

126 2932 243 2993 rant,
285 2940 392 3014 quae
423 2935 558 2990 tamen
590 2943 778 3022 corrupta
802 2931 940 3025 potius
974 2941 1016 2995 et
1048 2930 1172 2996 inter-

123 3048 269 3135 polata
293 3050 454 3120 disceris.
505 3053 573 3123 Ea>
596 3080 676 3126 omo
701 3083 798 3128 vero
823 3059 918 3139 illo,
956 3059 1074 3159 quod
1105 3083 1174 3133 cu-

126 3183 206 3250 ium
243 3204 359 3276 pecus
400 3185 674 3282 reprehensum
700 3187 824 3286 futffe
862 3191 1177 3275 Grammaticus,

125 3324 289 3385 narrat,
329 3315 404 3380 uix
423 3313 526 3408 satis
558 3335 645 3389 tuto
674 3325 872 3395 iudicium
895 3325 1054 3421 facias.
1113 3327 1168 3398 Vt

121 3451 260 3506 tamen
287 3438 477 3538 Virgilius
502 3463 661 3521 tantam
690 3460 803 3554 apud
825 3460 1051 3556 populator
1068 3458 1166 3556 suos

120 3564 286 3636 taudem
305 3595 380 3665 per
399 3575 593 3650 Bucolica
616 3586 937 3687 consequeretur,
968 3593 1082 3688 fecit
1108 3598 1165 3665 in·

118 3697 259 3790 primis
287 3704 346 3768 rei
374 3710 554 3787 nouitas,
590 3713 777 3815 felixque
813 3727 858 3793 in
888 3731 1077 3799 carmine
1110 3729 1165 3801 Si-

121 3821 233 3901 culo»
278 3832 387 3922 quod
418 3835 504 3928 ipsa
523 3840 721 3934 sermonis
753 3856 936 3928 Romani
968 3861 1190 3959 asperitas·

117 3954 300 4050 respuere
341 3963 578 4050 videbatur,
634 3984 917 4076 transferendo
965 4000 1165 4069 audacia.

118 4086 312 4163 madum
335 4094 440 4163 enim
451 4097 488 4193 s
480 4124 586 4178 ermo
614 4113 822 4196 Romanus
845 4125 1007 4203 adhoc
1029 4157 1169 4209 rerum
