2692 4914
148 341 278 399 xxxrr
426 356 428 361 .
483 309 874 391 PRAEFATIO

148 527 231 600 ticis
256 514 514 596 subtilitatibus
543 494 760 618 implicitus,
811 519 977 593 animum
1005 513 1184 591 liberiore

152 655 259 733 cursu
280 651 490 753 adipsum
511 670 677 753 poetam
699 652 865 743 intendi,
908 668 946 725 vt
967 653 1083 724 totius
1108 673 1186 723 car·

151 795 261 864 minis
284 785 585 887 descriptionem,
611 791 774 886 partium
796 783 1026 874 consensum,
1054 788 1186 858 inuen-

154 943 281 998 torum
301 921 462 1011 sontem,
501 939 540 996 et
562 924 723 994 inuentis
744 920 872 996 vtendi
892 939 1032 1010 artem,
1070 917 1188 1018 phan-

157 1055 351 1131 tasmatum
372 1061 610 1156 poeticorum
634 1072 672 1129 et
693 1058 879 1129 rationem
917 1071 955 1128 et
988 1057 1188 1126 auctorita-

157 1209 237 1265 tem
253 1208 479 1265 excuterem.
515 1194 660 1290 ¹Itaque
673 1188 777 1263 nulla
787 1188 897 1264 facile
910 1190 1045 1288 pagina
1058 1181 1189 1259 mansit

158 1327 315 1414 intacta,
352 1327 445 1423 quin
464 1349 595 1398 manus
619 1323 850 1399 emendatrix
870 1319 1086 1412 accederet,
1119 1317 1190 1393 alia

157 1454 362 1531 recidendo
379 1456 451 1529 alia
469 1453 675 1557 supplendo
694 1456 757 1533 seu
778 1453 1041 1533 substituendo.
1094 1454 1191 1527 Cum

159 1587 337 1663 summam
366 1587 591 1666 breuitatem
626 1596 666 1666 in
694 1594 1003 1692 interpretatione
1037 1586 1192 1690 sequen·

159 1722 248 1797 dam
269 1719 344 1801 elle
364 1712 547 1802 viderem:
597 1726 804 1802 claritatem
829 1740 960 1798 ‘tamen
989 1741 1028 1798 et
1054 1719 1192 1825 perspi-

159 1862 338 1933 cuitatem
360 1884 448 1934 cum
470 1886 516 1936 ea
538 1830 778 1935 coniunctam
802 1856 876 1932 esse
895 1857 1010 1933 volui.
1075 1854 1194 1952 Quod

159 1989 188 2064 fi
215 1991 471 2085 adcedam,
508 1989 719 2086 Heinsium‚
754 1997 1009 2066 normannum
1035 2009 1074 2066 et
1100 1990 1193 2065 alios
1221 2016 1224 2021 “

160 2128 329 2217 remitto,
378 2125 454 2201 hoc
480 2149 561 2199 non
590 2152 660 2227 pro
684 2126 808 2202 inutili
828 2131 944 2202 citato
963 2123 1192 2217 babendum,

160 2283 290 2332 rerum
311 2259 565 2359 quaerendam
585 2258 640 2335 ibi
658 2258 732 2336 esse
764 2260 1022 2360 exemplorum
1045 2264 1195 2359 copiam

162 2389 225 2465 seu
244 2391 457 2468 ulteriorem
480 2392 772 2469 declarationem
804 2399 903 2486 eius,
947 2391 1054 2494 quod
1079 2393 1196 2470 verbo

163 2544 310 2600 tunmna
327 2530 492 2618 notaui3‘
503 2552 577 2604 nec
595 2526 766 2628 ablegaui
786 2527 837 2603 ad
855 2527 968 2620 alios,
1004 2534 1098 2631 quin
1118 2528 1196 2631 ipse

163 2684 245 2735 rem
266 2677 306 2737 et
325 2656 503 2734 summam
522 2659 790 2739 obseruationis
812 2687 1060 2764 apponerem:
1101 2661 1196 2739 nibil

165 2798 267 2869 enim
290 2790 363 2870 esse
383 2791 506 2895 potest
532 2793 739 2889 molestius,
781 2823 912 2898 quarn,
951 2795 1015 2871 vbi
1031 2802 1074 2871 in
1094 2802 1196 2870 notia

164 2933 329 3004 viromm
356 2926 557 3004 doctorum
584 2929 636 3004 nd
664 2931 830 3033 aliquam
857 2928 1115 3007 difficultatem
1140 2928 1200 3021 oss

164 3061 313 3155 sendus,
359 3059 501 3139 finibil
521 3062 626 3140 aliud
642 3064 768 3141 ridens
790 3063 1031 3166 adscriptam,
1081 3090 1198 3166 quant

165 3195 369 3273 videndum
400 3193 473 3271 esse
501 3196 606 3276 hunc
630 3199 692 3276 rel
728 3199 838 3274 illum
871 3204 992 3275 airum
1025 3199 1196 3275 doctum.

163 3334 298 3431 Atqui,
324 3327 353 3405 st
370 3327 465 3402 alios
481 3329 674 3407 consulem
688 3329 897 3425 voluissem,
935 3330 1198 3433 noninspexis

164 3462 242 3540 sent
262 3483 319 3555 te,
344 3461 502 3539 ebone!
553 3463 843 3568 Igituripsaree
864 3463 1199 3568 &ltemellappo-

163 3597 308 3689 nendn;
347 3595 495 3675 rbetn'or
519 3597 723 3674 declaratio
742 3603 958 3702 quaerenda
972 3600 1075 3705 apud
1097 3626 1197 3694 eum,

165 3736 233 3834 qui
258 3735 301 3807 in
325 3758 372 3809 eu
397 3730 609 3810 illustranda
639 3731 860 3837 bngtdurem
888 3762 1043 3838 operam
1061 3735 1199 3839 posuit.
1231 3749 1233 3757 '

164 3864 234 3941 lisa
251 3891 342 3946 tero
363 3870 494 3969 iniqua
510 3866 575 3944 lex
594 3865 665 3961 est,
688 3870 752 3946 rbi
770 3870 895 3948 editor
914 3898 1093 3974 mgnum
1111 3871 1200 3946 alia·

166 4025 251 4076 nrm
282 3999 491 4079 editionum
522 4027 722 4080 numerum
757 4010 800 4082 in
831 4003 968 4084 struem
1007 4013 1200 4110 ingentem

166 4140 267 4215 circa
283 4131 321 4214 se
340 4154 604 4218 coadunatum
631 4137 764 4237 tabe,
808 4161 849 4222 et
866 4160 1058 4248 tamquam
1076 4150 1120 4220 in
1139 4167 1200 4219 or·
