2700 4906
240 321 335 433 ίὅσα
451 318 509 429 x1³.
535 315 1074 394 vtaotunmruours

261 510 309 580 Et
323 528 420 605 quae
428 526 538 578 mane
546 501 671 593 refert,
683 521 721 578 et
736 529 833 603 quae
846 501 1074 603 surgentibus
1088 483 1203 576 astris.
1220 510 1289 588 iio

262 639 329 712 Hle
350 639 412 712 vbi
432 637 642 712 nascentem
662 637 825 726 maculis*
837 642 1035 735 variauerit
1053 656 1192 728 ortum,

263 775 446 849 Conditus
470 777 509 845 in
530 772 686 864 nubem,
722 773 927 874 medioque
950 769 1127 870 refugerit
1151 769 1263 843 orbet

238 1006 240 1012 ,
262 907 428 1009 Suspecti
451 877 518 980 tibi
541 905 611 980 sint
629 908 782 999 imbres;
816 931 980 1010 namque
1002 922 1134 1005 vrguet
1154 903 1202 978 ab
1221 902 1292 975 alto
1326 916 1328 919 ’

264 1139 476 1194 Emendatiorem
492 1136 632 1194 lectionem
647 1136 700 1193 itm
714 1134 861 1214 Naugerius
873 1130 980 1194 deserar
991 1131 1050 1193 tid.
1066 1153 1126 1192 tert.
1136 1132 1294 1210 sequantur

263 1225 300 1278 ost
314 1245 362 1296 pro
380 1226 464 1287 adest,
484 1226 563 1286 inest,
592 1228 801 1280 thomericum
821 1219 918 1282 intrat·
998 1235 1050 1292 440
1070 1222 1174 1294 austria
1195 1217 1291 1275 Medic·

264 1324 290 1363 et
303 1310 429 1364 Rottand.
441 1310 492 1386 sec.
504 1328 523 1386 a
537 1329 573 1362 m.
587 1330 636 1381 pr„
657 1314 734 1364 etiam
749 1313 801 1365 Ers.
818 1327 878 1365 am.
894 1331 933 1384 pr.
1002 1320 1050 1378 441
1068 1310 1165 1362 orbem
1179 1305 1292 1361 Parthas

237 1385 290 1447 'et
310 1395 351 1446 ed.
374 1395 476 1448 Veneta
495 1397 653 1459 Burmanus;
688 1399 729 1449 cui
748 1395 913 1450 abbianditur
933 1395 1023 1456 sectio;
1061 1394 1144 1446 modo
1173 1392 1292 1447 codicum

175 1545 178 1563 .
262 1481 347 1532 maior
368 1477 429 1533 esset
450 1481 604 1541 auctoritas,
652 1501 701 1535 nec
722 1498 862 1535 recurreret
882 1481 952 1534 versu
975 1481 1044 1552 sequ.
1070 1482 1146 1532 orbe.
1196 1479 1293 1532 Verum

178 1610 180 1612 ,
263 1566 342 1619 etiam
359 1564 448 1638 paullo
468 1582 529 1620 ante
549 1585 572 1619 v.
592 1568 643 1634 432
660 1583 723 1619 ortu
744 1585 845 1637 quarto
854 1590 865 1631 ,·
904 1557 930 1620 et
949 1564 1049 1619 isthoc
1068 1563 1229 1638 exquisitius.
1268 1577 1292 1616 rt

264 1653 332 1704 adeo
359 1642 426 1703 bene
453 1649 502 1722 legi
529 1667 555 1705 et
582 1653 686 1720 probari
720 1651 810 1723 possim
868 1652 1017 1722 medioque
1050 1651 1189 1723 refugerit
1222 1646 1289 1702 orsu.

263 1737 364 1791 Eadem
378 1737 484 1796 variatio
498 1739 592 1790 Horat.
609 1739 697 1792 Carm.
713 1739 758 1797 tv,
775 1757 798 1800 2,
813 1740 854 1799 58,
880 1739 921 1791 vbi
935 1739 985 1790 vid.
1002 1737 1112 1789 Bentlei.
1183 1746 1234 1802 ²⁴4²
1253 1756 1291 1787 re·

255 1822 380 1897 fulgent
401 1820 527 1875 Rotteud.
543 1821 608 1885 seo,
635 1839 662 1876 et
675 1823 816 1894 refulserit
834 1824 887 1876 Ers.
928 1821 1040 1875 Videtur
1060 1819 1132 1892 posse
1151 1821 1238 1874 referri
1260 1817 1292 1872 ad

263 1907 329 1962 iliud
347 1908 566 1978 phaenomeuon,
593 1926 651 1960 cum
666 1924 696 1960 ex
712 1910 772 1961 arria
787 1907 899 1960 nubibus
919 1909 1020 1960 medius
1039 1908 1110 1959 orbis
1129 1905 1191 1959 solit
1211 1922 1292 1958 erum·

262 1994 316 2065 pit,
342 1993 532 2048 ὁππότε*τά
551 1993 573 2046 δ’
593 1987 627 2046 αὖ
641 1998 696 2062 περὶ
717 1995 800 2062 μέσσα
818 2000 924 2064 Oratim,
942 1992 969 2044 h.
983 1996 1018 2049 roi
1038 1996 1122 2061 μέσσα
1136 1996 1292 2062 acervatim,

263 2077 372 2133 medius
381 2076 459 2146 solia
479 2076 556 2128 orbis
577 2077 729 2146 elucescat,
760 2096 802 2146 tp.
817 2081 886 2130 Arar.
901 2097 924 2130 v.
940 2080 982 2149 98.
1028 2080 1062 2130 At
1079 2091 1149 2129 vetat
1169 2079 1222 2130 hoc
1239 2077 1293 2130 sen·

263 2163 402 2217 tertiarum
423 2159 490 2212 ordo
518 2160 588 2230 apud
607 2165 730 2221 Aratum,
771 2181 848 2232 quem
869 2163 1008 2233 Virgilium
1036 2161 1168 2215 retinuisse
1189 2161 1294 2215 marrise·

263 2245 331 2302 sium
352 2242 397 2297 est.
433 2245 466 2297 Et
481 2245 584 2296 Ariona
611 2245 667 2298 Sed
684 2266 741 2299 rron
763 2267 815 2300 ora
841 2267 911 2301 cauo
925 2248 1030 2319 fimilis
1048 2248 1203 2320 medioque
1221 2269 1292 2302 rece·

264 2332 335 2386 tiens
356 2327 430 2381 Orbe
452 2328 538 2396 quast.
586 2329 766 2401 Borgstraesl'er
792 2333 923 2386 mutabat:
970 2344 1130 2388 variarterit
1152 2337 1292 2389 orbem-

263 2414 412 2483 medioque
432 2413 568 2484 refugerit
590 2431 661 2468 ortu.
712 2417 783 2490 quod
798 2419 904 2471 Waltes.
929 2420 995 2472 adeo
1015 2419 1152 2492 probauit,
1184 2437 1210 2475 vt
1231 2422 1292 2473 reci·

262 2516 334 2574 peret
354 2500 381 2550 in
397 2513 491 2566 poetae
510 2499 595 2552 verba.
632 2502 713 2569 Quod
734 2519 834 2555 mutare
855 2506 953 2565 malim,
975 2504 1025 2557 est:
1046 2506 1188 2560 mersione.
1221 2507 1290 2560 Alio-

263 2587 308 2660 qui
322 2575 459 2637 obscurum
473 2582 525 2645 est,
545 2584 629 2637 sintne
643 2587 708 2647 duo,
726 2607 758 2639 aa
775 2591 848 2650 trina,
871 2609 904 2642 an
917 2609 996 2641 vnum
1010 2590 1207 2661 prognosticum
1220 2591 1290 2664 qaod

261 2681 397 2726 memoret.
444 2669 517 2723 Nam
540 2670 668 2725 diuersum
688 2673 741 2727 hoc
761 2674 793 2726 ab
813 2692 898 2729 antec.
920 2678 1038 2729 maculis
1056 2687 1225 2732 vartauerir.

260 2867 395 2932 Diosem.
418 2866 573 2952 87—89.
616 2867 653 2933 sn
674 2872 757 2956 seqq.
800 2871 874 2933 dixit
888 2897 914 2933 v.
930 2879 1005 2954 452)
1026 2874 1160 2935 nubibus
1179 2873 1292 2938 obduc-

261 2978 390 3035 variaait
426 2975 577 3034 nonnulla
612 2976 757 3057 Virgilius
800 2991 863 3048 tus,
894 2976 931 3035 ab
950 2983 1100 3038 exteriore
1117 2995 1235 3038 tantum
1253 2979 1292 3039 sui

191 3148 194 3154 .
263 3098 300 3140 ex
327 3097 366 3137 eo
394 3075 503 3149 ducta,
541 3092 594 3136 aut
616 3078 704 3157 plura
725 3083 758 3138 in
798 3094 886 3157 parto
923 3079 1102 3159 conspicuus
1137 3097 1171 3140 et
1213 3080 1293 3165 quasi

261 3200 357 3239 vnum
371 3183 530 3240 contraxit.
564 3180 664 3251 Plura,
678 3201 757 3262 quae
800 3200 954 3240 concauus
974 3179 1026 3253 est,
1048 3181 1149 3241 imber
1166 3200 1292 3264 porten-

263 3297 369 3343 tamen
391 3300 451 3338 nec
473 3283 603 3340 omnino
625 3285 706 3340 inter
727 3281 757 3342 se
800 3281 890 3341 ditur.
938 3282 1054 3342 medio
1090 3285 1171 3344 orba
1204 3289 1290 3365 refu·

224 3364 229 3376 ⁸
262 3399 295 3445 et
322 3402 391 3442 cum
421 3376 524 3440 nostro
549 3388 757 3458 conueniunt,
796 3403 876 3461 gere
887 3381 1060 3466 simpliciter
1073 3391 1172 3468 accipi
1183 3389 1288 3468 posset,

261 3485 319 3545 ulia
349 3487 441 3542 etiam
468 3481 518 3566 σᾶγ
540 3503 635 3542 vnum
660 3487 757 3545 idern·
799 3485 888 3561 abdi,
920 3490 1123 3569 econspectu
1145 3489 1288 3567 subduci;

262 3608 323 3668 que
338 3584 440 3645 redire
455 3583 607 3657 videntur,
629 3605 657 3644 v.
673 3590 756 3667 apud
797 3607 868 3648 nam
893 3596 991 3669 poetis
1013 3591 1158 3651 medium
1180 3613 1288 3674 parum

160 3673 183 3699 '·
258 3688 338 3748 Pan.
379 3686 500 3757 xvnr,
543 3689 603 3756 35,
647 3689 666 3746 t
704 3695 754 3768 78.
797 3707 938 3751 accurate
968 3693 1093 3772 dicitu„
1132 3693 1185 3754 ted
1208 3709 1288 3755 veru

162 3818 163 3821 ¹
259 3796 332 3868 441.
351 3783 753 3866 Soloriensfimaculosus‚
797 3794 905 3853 Aratus
939 3795 1073 3855 Diosem.
1108 3800 1150 3877 96
1196 3791 1293 3879 ὁπότεΙ

260 3892 356 3970 (Plin.
382 3891 401 3950 l.
425 3911 451 3948 c.
473 3885 496 3948 st
518 3887 615 3949 nubes
636 3895 754 3969 nigrae
794 3898 893 3966 notior
922 3892 1085 3975 ἐειδόμενος
1111 3900 1285 3984 σερισὲλλσ.

258 3992 450 4055 rubentibus
501 3995 751 4056 interuenerint.
792 3998 832 4057 Et
843 4000 974 4060 Plinium
998 4022 1163 4059 concauus
1179 4005 1284 4059 orient

256 4094 473 4163 σοικίλλεσθαι
497 4091 540 4155 est
557 4097 670 4158 Arato:
692 4120 750 4156 va·
788 4101 922 4180 pluuias
943 4102 1118 4181 praedicit.
1168 4104 1216 4164 Ad
1238 4121 1282 4162 re·

255 4204 322 4262 rior
363 4219 477 4262 errare
509 4198 637 4262 colom
677 4222 756 4262 mox.
789 4201 874 4283 liquo
898 4224 926 4266 v.
947 4207 1108 4286 Arat.'9o.
1136 4225 1188 4286 91.
1215 4207 1280 4267 115.
