2700 4906
234 354 553 432 secvnnna
583 353 889 464 nmmoms
991 375 1099 425 xm

54 557 183 660 quibus
204 561 356 660 ingenii
370 582 530 635 acumen
550 576 589 632 et
607 560 781 659 poeticae
799 558 1006 659 elegantiae
1020 555 1099 631 sen·

56 691 126 767 sum
145 692 442 794 deprehendere
461 692 551 765 mihi
569 693 734 784 viderer,
773 691 955 793 nequid,
991 688 1098 790 quod

55 827 256 904 delectare·
276 823 434 928 pollet,-
467 825 609 903 arbitris
635 825 769 899 harum
798 850 925 900 rerum
949 822 1096 897 inuide-

54 986 146 1055 rem,
172 987 253 1037 nec
272 966 313 1034 in
333 959 473 1036 callum
490 978 548 1034 tot
566 965 634 1034 viri
657 958 763 1032 docti
784 976 941 1033 conatus
956 960 1097 1057 ingenii

55 1094 222 1171 recidere
239 1112 404 1196 paterer.
456 1093 557 1185 Alia,
591 1117 690 1195 quae
711 1089 839 1166 frustra
866 1073 1098 1166 tentata'elle
1164 1099 1169 1110 ‘

55 1229 237 1320 riderem,
258 1225 385 1303 ssltem
397 1228 593 1302 vtilitatem
605 1227 698 1300 mihi
711 1223 972 1327 praestiterunt
986 1224 1095 1315 hanc,

57 1381 90 1435 rt
107 1361 307 1438 interdum
329 1361 533 1462 vulgatam,
571 1359 689 1435 modo
707 1362 1018 1460 interpretatione
1032 1356 1098 1430 ad-

57 1502 165 1587 iectu,
194 1520 286 1570 cum
306 1519 391 1570 eam
411 1521 434 1568 a
456 1494 571 1571 docto
593 1519 747 1597 quoque
770 1498 851 1568 viro
867 1492 966 1569 male
987 1492 1097 1567 intel·

58 1629 191 1704 lectam
211 1627 398 1718 viderem,
428 1626 699 1717 illustrandam,
726 1627 842 1702 modo
858 1626 921 1701 vsu
942 1632 1096 1727 poetico

59 1763 215 1866 probato
265 1759 488 1835 firmandam
532 1759 606 1837 elle
644 1759 902 1860 intelligerem.
978 1761 1099 1836 Aliam
1211 1851 1213 1855 ἢ

60 1896 260 1991 symbolam
288 1914 395 1997 grato
429 1899 556 1970 animo
579 1898 709 1996 accepi
729 1920 753 1966 a
777 1897 868 1971 Viro
891 1893 1098 1971 doctiffimo

60 2031 205 2108 Iacobo
226 2032 404 2129 Bryant,
454 2035 520 2130 qui
548 2028 779 2103 humanitate
809 2045 848 2102 et
875 2054 1005 2104 amore
1033 2028 1097 2104 suo
1204 2047 1212 2059 “

60 2166 106 2238 ud
123 2189 243 2240 omne
261 2160 378 2239 officii
397 2189 515 2264 genua
530 2168 754 2265 prouocauit
773 2188 853 2257 me;
883 2161 980 2239 mifit
994 2164 1099 2242 idem

62 2300 191 2396 adme
215 2299 433 2372 Stricturae
456 2302 499 2369 in
523 2297 689 2400 Virgilii
714 2298 809 2372 loca
832 2325 880 2375 eo
901 2324 990 2375 cum
1011 2325 1097 2375 acu·
1194 2320 1200 2331 ·

65 2439 160 2509 mine
180 2450 222 2507 ct
243 2430 469 2531 perspicacia
492 2427 660 2531 scriptae,
683 2450 738 2523 vt,
763 2437 806 2507 in
825 2434 951 2509 multis
973 2439 1010 2509 ei
1032 2433 1098 2507 ad·

65 2564 309 2668 stipulandum
325 2561 418 2655 else,
452 2563 636 2657 viderem,
660 2571 703 2640 in
721 2567 819 2660 aliis,
852 2595 940 2645 cum
955 2567 1097 2643 iudicio

65 2727 143 2776 meo
164 2699 351 2774 dilectum
369 2694 545 2798 usumque
565 2698 811 2801 relinqueret,
836 2707 947 2778 etium
969 2727 1097 2777 meum

67 2839 254 2936 ingenium
301 2836 345 2905 in
384 2828 623 2907 defendendo
668 2852 784 2935 poeta
828 2835 1002 2911 aduersus
1040 2859 1095 2926 ea,

26 2941 32 2963 ⁴
69 2994 158 3070 quae
181 2962 406 3068 reprehensa
431 2961 563 3058 essent,
600 2972 685 3041 acui
706 2966 890 3043 sentirem.
940 2973 983 3040 In
1002 2965 1111 3047 mul,

68 3111 107 3179 tis
131 3103 319 3178 iudicium
345 3103 412 3174 viri
435 3096 566 3175 subtile
598 3104 674 3173 iam
703 3106 743 3175 in
778 3107 905 3203 priore
932 3102 1099 3176 editione

69 3254 337 3313 anteuerteram
344 3263 356 3327 3
408 3231 480 3309 elie
506 3258 610 3310 nunc
629 3234 783 3341 apposui
804 3235 995 3343 praeclare
1020 3239 1097 3309 ani·

71 3366 272 3445 maduerla.

10 3538 12 3543 ·
148 3508 272 3580 Fuere
298 3503 370 3573 viri
399 3497 517 3595 docti,
555 3507 621 3605 qui
651 3493 731 3581 fiue'
758 3527 828 3606 per
857 3503 997 3580 litteras
1022 3499 1099 3578 liue

75 3637 202 3740 scriptis
232 3633 342 3738 prelo
379 3632 550 3735 expressio
583 3634 645 3712 seu
669 3642 813 3712 monita
850 3636 912 3735 seu
948 3634 1099 3714 confilia

78 3769 130 3847 seu
156 3776 394 3849 coniecturas
423 3771 465 3839 in
491 3768 685 3870 Virgilium
715 3788 866 3848 mecum
894 3777 1100 3848 communi·

13 3914 16 3919 '
79 3925 206 4002 cerent3
249 3913 295 3985 in
317 3904 380 3980 his
405 3908 462 3978 10.
479 3904 602 3979 Henr.
629 3906 736 3979 Lud.
757 3898 971 3982 Meierocto
997 3910 1039 3979 in
1058 3904 1102 3978 li·
1178 3993 1181 3999 ι

80 4038 162 4116 bello
192 4066 311 4149 quem
340 4033 537 4137 inscripsit:
588 4041 655 4113 De
689 4038 804 4116 rebus
831 4044 890 4114 ad
922 4056 1103 4113 auctores

81 4182 247 4271 quosdam
275 4167 466 4276 clafficor
483 4173 768 4276 pertinentibus
792 4175 996 4252 Dubia-
1012 4172 1103 4250 Cirr.
