2700 4906
303 326 381 400 ne
413 278 676 400 cAano
713 322 1016 418 evcomco·
1137 359 1180 430 ··r
1259 324 1262 329 ’
1313 380 1323 405 .

149 513 261 586 oritus
284 515 467 590 nomine,
512 514 601 610 qui,
650 536 742 583 cum
767 511 941 591 videret,
982 531 1179 613 quantam

149 643 327 739 gratiam
347 635 424 734 ista
456 641 639 708 carmina
664 640 788 710 rudia
811 656 851 710 et
876 641 1041 712 indocta
1062 642 1180 716 lrabe-

153 784 254 845 rent,
303 782 596 866 quantamque,
641 763 681 861 st
711 782 800 837 arte
823 766 1053 866 paullulum
1077 772 1180 870 poli·

153 911 305 973 rentur,
357 890 604 990 venustatem
637 909 675 964 et
703 893 957 990 suauitatem
991 893 1181 997 habitura

154 1017 286 1118 essent,
320 1045 438 1120 genus
455 1021 531 1096 hoc
551 1025 719 1095 carminis
741 1020 904 1096 bucolici
920 1028 1180 1123 excogitauit,

155 1151 260 1248 quad
288 1153 501 1249 antiquam
530 1148 692 1249 quidem
718 1148 833 1220 illam
860 1150 1038 1223 indolem
1059 1153 1180 1248 refer-

156 1296 229 1357 ret,
258 1277 424 1377 politum
443 1294 579 1349 tamen
599 1280 713 1375 magis
736 1293 774 1348 et
795 1277 1000 1368 excultum,
1044 1304 1180 1355 nume-

159 1411 280 1505 risque
298 1432 352 1477 ac
373 1402 524 1504 legibus
545 1402 798 1502 adstrictum,
830 1410 1017 1505 cuiusque
1038 1434 1088 1480 ea
1108 1436 1181 1482 na·

159 1549 243 1605 tura
264 1529 375 1632 effet,
421 1549 468 1605 vt
489 1530 724 1632 pastoritiae
755 1530 862 1628 istius
892 1538 1024 1614 vitae,
1072 1541 1181 1611 cuius

153 1659 294 1758 species
315 1665 456 1732 animo
476 1663 652 1732 humano
678 1657 791 1760 ipstus
813 1679 985 1733 naturae
1006 1666 1184 1760 quodam

161 1789 354 1861 lenocinio
379 1785 659 1885 iucundissima
681 1784 753 1885 effe
773 1788 902 1887 solet,
938 1787 1057 1867 bona,
1077 1805 1188 1862 tran-

161 1917 418 2016 quillitatem,
456 1916 736 2013 securitatem,
785 1919 1076 1996 innocentiam,
1120 1918 1186 1989 de-

162 2047 270 2118 licias
290 2061 331 2115 et
351 2045 515 2146 gaudia
534 2048 706 2117 numeris
727 2046 930 2143 modisque
945 2041 1188 2118 adumbran-

163 2176 232 2254 do,
252 2176 414 2245 animos
427 2170 635 2241 hominum
653 2169 836 2242 deliniret
851 2187 890 2241 et
901 2187 1023 2268 grata
1032 2170 1190 2267 fraude

165 2299 316 2399 delusos
344 2315 506 2371 teneret.
577 2296 679 2370 Cum
708 2313 843 2368 autem
874 2295 1026 2370 duobus
1050 2302 1097 2370 id
1116 2327 1190 2400 pa·
1295 2352 1297 2356 ψ

165 2423 348 2523 tiffimum
377 2425 508 2496 modis
531 2420 633 2522 effici
661 2420 806 2524 poffel›
854 2443 919 2498 aut
943 2431 1188 2509 narratione,

166 2558 329 2655 inqua,
361 2571 573 2652 tamquam
594 2579 623 2624 a
642 2557 797 2652 pictore
817 2556 860 2623 in
881 2550 1043 2632 tabula,
1084 2560 1190 2656 agri,

166 2706 319 2782 greges,
339 2678 475 2775 siluae
489 2680 707 2779 descriptae
725 2679 968 2760 exhibentur,
989 2700 1054 2754 aut
1067 2688 1192 2754 actio·

168 2836 214 2881 ne
227 2809 373 2908 aliqua
393 2827 432 2881 et
454 2810 513 2880 ad
533 2809 727 2881 dramatis
736 2811 940 2906 sormam,
968 2836 1041 2909 per
1064 2810 1192 2881 dialo-

169 2963 273 3037 gum,
293 2939 393 3008 dum
407 2935 669 3037 colloquentes
682 2938 835 3037 interse
846 2936 1193 3036 sensussuos,for-
1248 2977 1254 2983 .

170 3074 329 3148 tunam',
355 3066 481 3163 facta
503 3084 704 3165 exponunt
719 3093 769 3138 ac
789 3065 1016 3138 declarant:
1060 3067 1195 3161 priore

171 3203 330 3298 quidem
351 3194 444 3274 illo,
489 3195 600 3292 quod
617 3199 690 3266 vix
712 3196 782 3266 diu
799 3193 959 3284 placere
974 3189 1119 3292 potest,
1156 3210 1196 3267 et

172 3327 295 3427 ipsum
312 3321 522 3426 peculiare
542 3327 727 3394 carminis
744 3349 886 3425 genus,
929 3321 1043 3392 haud
1061 3338 1196 3397 tamen
1281 3356 1287 3366 ·

174 3456 374 3556 copiosum
395 3477 445 3522 ac
458 3449 703 3546 secundum,
737 3451 922 3550 efficeret,
955 3442 1104 3545 omzffo,
1138 3452 1197 3527 alr

176 3600 300 3656 terum
335 3583 526 3680 arripuit,
584 3596 622 3649 et
655 3574 907 3678 pastoricium
944 3604 1103 3650 carmen
1137 3584 1199 3652 ita

180 3712 355 3784 condidit
379 3725 418 3780 et
443 3702 656 3804 descripfit,
700 3724 739 3778 vt
760 3713 946 3780 actionem
968 3705 1130 3805 aliquam
1151 3732 1198 3782 ex

181 3838 238 3912 ista
257 3844 354 3913 vitae
382 3833 615 3934 simplicitate
645 3850 682 3906 et
708 3831 900 3925 felicitate,
942 3831 1003 3908 seu
1030 3859 1109 3908 rem
1137 3861 1199 3934 ge·

183 3962 277 4059 stam,
330 3984 400 4038 aut
432 3986 531 4062 quae
560 3964 778 4058 contingere
810 3965 850 4031 in
879 3957 943 4032 ista
968 3965 1044 4034 vita
1071 3959 1200 4060 pollet,

179 4092 324 4186 sacrum
347 4091 527 4191 aliquod
541 4085 758 4186 festumue,
783 4088 897 4186 forte
922 4091 1044 4159 etiam
1068 4088 1205 4186 casum

188 4219 504 4302 memorabilem,
550 4233 594 4291 ut
629 4220 733 4291 inter
772 4216 872 4290 tales
897 4217 1095 4295 homines,
1141 4231 1206 4290 aut
