2692 4914
248 336 590 411 GEORGICON
613 340 717 412 LIB.
736 342 790 430 II,
818 339 1017 432 154-161
1099 350 1174 434 445

147 521 335 596 fluctibus
373 541 410 597 et
456 520 605 598 fremitu
637 525 850 627 adsurgens,
889 531 1053 623 Benace,
1096 560 1179 632 rna-⁴

762 659 872 734 rino?
1102 671 1172 745 160

148 792 208 862 An
228 816 434 866 memorem
446 811 586 892 portus,
613 794 854 894 Lucrinoque
870 795 995 871 addita
1008 797 1172 895 claustra,
1193 849 1196 853 »
1266 844 1268 849 »

148 1040 225 1093 guare
245 1021 361 1076 volebat:
400 1024 452 1084 Te,
473 1025 720 1086 Lar1,Ma:cimc,
748 1039 909 1094 tenueere,
934 1041 960 1082 vt
974 1043 1024 1081 trae
1042 1031 1175 1103 praecipui

146 1106 219 1159 lacus
239 1108 329 1160 Italiae
346 1126 534 1170 memorentur,
572 1110 662 1163 Lerina
669 1144 680 1171 ,
711 1109 862 1173 Verbanm,
897 1113 941 1184 qui
970 1127 996 1166 et
1014 1115 1117 1176 Maior,
1148 1134 1175 1172 at

145 1194 274 1246 Benacus.
322 1195 409 1247 Nimia
432 1193 564 1248 subtiliter.
648 1197 695 1250 160
714 1197 860 1268 lrrfurgenr
880 1196 997 1250 malebat
1024 1200 1115 1254 Weiia
1139 1201 1174 1256 ad

147 1277 252 1331 Sallust.
272 1279 327 1348 Iug.
343 1280 384 1340 33,
405 1280 535 1350 quiahoc
557 1294 584 1332 ct
601 1280 663 1333 aliae
684 1280 760 1335 finili
780 1280 851 1334 sensu
874 1283 993 1335 occurrit.
1026 1286 1060 1338 At
1075 1285 1128 1340 hoc
1141 1287 1176 1342 ad

147 1363 359 1416 emendationem
380 1364 480 1416 nullam
500 1363 559 1417 satia
578 1364 623 1419 est.
706 1368 750 1422 161
775 1365 852 1436 Qud
872 1385 1021 1422 memorem
1040 1369 1172 1426 Rufiniau.

148 1467 175 1521 p.
191 1450 251 1503 251.
293 1448 394 1503 abdita
406 1448 478 1501 Gud.
523 1451 644 1522 clanstro
666 1451 729 1506 duo.

149 1672 234 1720 mus,
255 1651 285 1712 b.
308 1673 502 1735 permagnus,
528 1652 578 1714 sub
591 1654 643 1715 Al·
683 1651 766 1726 sum,
790 1675 859 1714 cum
875 1655 943 1716 lacu
956 1655 1098 1732 Auerno,
1120 1663 1175 1743 qui

147 1753 240 1837 pibus
255 1758 350 1834 (nunc
361 1757 451 1833 Lago
470 1752 644 1837 Arcamo),
683 1752 730 1815 isti
751 1755 928 1827 adiacebat,
962 1761 1175 1841 coniungeret,
1223 1792 1229 1798 ·

150 1861 187 1917 in
200 1879 274 1940 agro
289 1855 523 1930 Mediolanenfi,
537 1859 644 1916 Lacus
685 1876 828 1938 aggerem
858 1875 960 1920 aurem
988 1859 1084 1919 modo
1113 1859 1177 1920 dic·

149 1962 299 2018 Benacus
320 1963 353 2019 in
370 1959 541 2019 Veronensi
565 1959 644 2040 (ΖΔ.
684 1974 767 2032 tum,
800 1961 896 2042 quiV
916 1957 1081 2021 stadi0rum
1099 1977 1174 2036 eret,

148 2082 194 2141 go
214 2061 251 2121 di
267 2060 412 2144 Garda),
431 2077 561 2143 propter
580 2084 644 2123 nra·
685 2059 847 2121 latitudine
863 2065 911 2120 vir
924 2061 1078 2145 quadrigis
1099 2067 1177 2124 rcci-

152 2164 345 2247 gnitudinem
360 2169 458 2225 ventis
472 2153 507 2224 ec
525 2166 645 2245 procel·
686 2162 806 2242 prende
818 2184 875 2244 par
884 2163 993 2240 (strab.
1001 2165 1041 2237 V,
1050 2185 1081 2245 p.
1092 2157 1176 2245 245),

151 2267 189 2326 lis
216 2265 367 2326 obnoxius
395 2286 461 2326 non
490 2268 577 2328 aliter
611 2288 646 2328 ac
686 2261 845 2347 postquam
859 2287 898 2327 eo
912 2263 1047 2348 perfoffo
1061 2267 1178 2327 editum

150 2388 248 2447 mare.
304 2368 390 2429 Idem
409 2371 558 2429 Mincium
583 2389 646 2428 am-
686 2367 816 2427 neuibus
843 2370 877 2428 in
902 2383 1027 2450 portum
1052 2367 1177 2442 fecerat,

149 2490 227 2530 nem
248 2469 351 2530 medIo
374 2471 463 2531 alueo
494 2476 645 2532 transmit·
686 2471 727 2526 ita
747 2473 897 2541 munim,
933 2485 965 2529 Vt
994 2491 1012 2529 fl
1037 2468 1179 2532 flucfibffl

152 2589 234 2634 rena.
260 2593 288 2632 v.
309 2572 387 2632 Plin.
410 2572 466 2644 IX,
490 2595 529 2634 aa
557 2589 588 2635 et
608 2575 645 2638 ci.
686 2568 821 2650 superari
839 2575 999 2655 nequiret,
1032 2573 1178 2635 nauibua·

153 2676 234 2733 Aen.
255 2674 303 2746 X,
328 2677 398 2736 205.
451 2675 646 2756 adsurgens,
689 2692 750 2753 que
765 2688 846 2733 tutus
858 2677 937 2733 intra
952 2694 1024 2733 eum
1039 2670 1112 2734 ess'et
1130 2696 1178 2735 re·

152 2775 335 2835 tumescens.
691 2789 805 2853 ceptus.
853 2776 912 2833 Hic
934 2776 1055 2833 Portus
1076 2774 1181 2836 Iulius

211 2879 273 2938 '161
288 2880 413 2956 -164
438 2879 482 2937 M.
501 2877 648 2960 Vipsanio
689 2890 823 2936 vocatus.
837 2876 1120 2957 vid.Sueton.Aug.
1132 2879 1180 2939 16.

156 2967 313 3060 Agrippa,
348 2982 382 3043 L.
404 2980 534 3041 Canidio
558 2984 649 3044 Galio
690 2976 811 3036 Excisae
828 2992 893 3036 tum
907 2976 1016 3050 siluae,
1040 2979 1182 3060 quaele·

155 3078 240 3142 coff.
255 3083 292 3143 V.
309 3082 343 3140 C.
361 3103 438 3161 717,
461 3100 650 3145 cumcontra
672 3162 673 3166 Ἰ
693 3100 727 3138 ca
746 3083 845 3139 vicine
871 3078 1072 3160 occupabant
1121 3081 1184 3140 Lo-

153 3186 241 3243 Sext.
267 3184 450 3264 Pompeium
477 3185 556 3244 male
584 3207 650 3245 rem
693 3202 744 3240 cua
757 3179 889 3242 clafficua
902 3179 1184 3262 estapudDionem

155 3282 288 3369 geffiffet
309 3288 496 3347 Octauianus
526 3286 649 3363 Caesar,
692 3284 832 3358 XLVIII,
847 3287 907 3352 50.
930 3284 995 3345 'alia
1010 3283 1096 3346 dedit
1111 3283 1184 3344 Clu-

155 3405 193 3447 vt
229 3386 396 3449 reficIendis
435 3387 570 3449 claffibus
605 3390 652 3450 lo·
693 3407 754 3446 ver.
768 3386 836 3446 Ital.
855 3402 917 3447 ent.
931 3387 986 3461 IV,
1003 3409 1031 3449 2.
1067 3387 1185 3448 Aduer-

158 3511 231 3551 cnm
249 3506 349 3549 turum
366 3490 510 3564 haberet,
544 3494 654 3574 Agrip·
692 3488 740 3549 sus
759 3491 916 3562 Seruium,
938 3493 991 3572 qui
1010 3490 1099 3571 plura
1118 3489 1186 3551 mis·

157 3614 220 3674 pae
235 3584 360 3653 confilio
372 3609 497 3674 portum
507 3595 654 3655 Baianum
696 3597 770 3665 cuit,
789 3585 924 3674 disputat
938 3593 1073 3653 Ouwens
1087 3593 1128 3652 N.
1144 3593 1185 3658 Η.

159 3700 196 3755 in
210 3693 275 3754 smu
284 3697 455 3757 Puteolano
469 3698 560 3773 (inter
568 3697 654 3757 Baias
695 3717 727 3776 p.
742 3697 814 3759 581.
856 3694 1010 3756 Praelatua
1024 3709 1130 3756 temen
1143 3693 1187 3759 se-

158 3813 195 3858 et
215 3799 377 3876 Puteolos)
413 3799 655 3859 commodiorem
697 3800 805 3879 quenti
829 3811 968 3877 tempore
994 3812 1101 3877 portus
1127 3797 1188 3859 Mi·

161 3917 196 3963 et
211 3905 354 3960 tutiorem
369 3903 411 3959 ita
426 3900 575 3974 reddidit,
604 3915 657 3960 aut
697 3897 792 3961 senus.
824 3899 979 3959 Memorat
992 3902 1095 3981 itaque
1111 3919 1189 3978 poa·

146 3998 264 4062 ‘verius
283 4022 403 4063 nouum
431 4017 556 4082 portum
585 4023 657 4083 ape·
698 4015 728 4060 te
743 4001 1009 4083 portuquIium3
1042 4020 1134 4082 quem
1151 3997 1191 4060 fic

159 4109 237 4178 mit,
253 4120 285 4164 vt
299 4105 399 4164 lacurn
417 4106 595 4177 Lucrinum,
611 4109 658 4165 in·
700 4108 838 4166 ornauit:
852 4119 970 4186 portus
984 4103 1191 4184 Lucrinoque

160 4211 294 4268 teriecto
315 4227 426 4289 aggere
442 4213 551 4292 amari
564 4208 658 4270 seclu-
698 4204 818 4266 addita
831 4205 984 4285 claustra,
1001 4204 1191 4290 heaggerem
