2692 4914
148 332 252 380 xxvr
471 303 856 380 PRAEFATIO

147 513 367 602 Enimuero,
394 533 470 610 quo
492 512 607 607 magis
630 513 811 601 rationes,
853 504 1009 600 caussas,
1043 525 1082 583 et
1101 505 1181 584 vsus

149 671 277 721 earum
302 649 342 718 in
372 668 601 745 quocunque
635 641 810 744 scriptore
841 643 1086 735 intellexeris,
1133 670 1182 718 eo

148 777 395 854 difficiliorem
417 778 526 852 huius
558 771 712 860 'consilii
729 775 906 853 effectum
935 776 1008 853 esse
1034 783 1183 879 praeui-

149 917 287 1008 deust)
345 912 514 1003 Deinde,
556 912 582 987 si
610 918 818 988 iuuentutis
846 913 1041 988 vtilitatem
1070 912 1182 1013 respi-

148 1050 321 1129 ciendam
342 1045 414 1123 esse
433 1048 598 1140 duxeris,
631 1067 670 1124 vt
689 1053 716 1122 ii
731 1049 894 1149 aliquem
909 1047 1042 1120 harum
1056 1073 1182 1123 rerum

146 1186 247 1263 vsum
261 1181 542 1285 consequantur,
567 1187 608 1256 in
624 1183 688 1257 tali
705 1184 889 1276 editione,
915 1183 1036 1258 multo
1053 1203 1181 1257 autem

146 1325 262 1420 magis
284 1322 324 1392 in
345 1318 411 1392 tali
432 1337 546 1419 poeta
566 1319 658 1392 nihil
679 1317 802 1395 abesse
823 1318 1012 1409 volebam,
1038 1344 1117 1419 quo
1133 1316 1181 1390 ad

145 1460 361 1530 varietatem
380 1451 552 1527 lectionis
572 1458 729 1556 eiusque
749 1453 849 1532 vsum
866 1458 1020 1527 omnino
1039 1479 1180 1554 cogno·

146 1588 324 1667 scendum
338 1587 624 1663 adducerentur.
675 1588 814 1664 Reiskii
830 1593 1062 1663 coniecturas
1085 1613 1183 1662 non·

146 1724 266 1799 nullae
295 1742 333 1798 et
362 1721 638 1827 obseruationes
677 1749 747 1824 pro
779 1723 976 1823 multiplici
1003 1727 1180 1823 variaque

146 1862 334 1949 doctrina,
372 1884 470 1960 quae
485 1863 525 1930 in
541 1885 588 1934 eo
604 1862 695 1934 Viro
719 1857 787 1950 est,
823 1877 862 1932 et
880 1854 1117 1957 generosiore
1139 1861 1180 1929 in

146 1990 439 2072 correctionibus
456 1990 596 2092 spiritu,
623 2019 702 2068 non
724 1990 1038 2091 contemnendas,
1062 1997 1104 2064 in
1119 2017 1179 2064 va-

144 2135 206 2206 riis
223 2128 270 2202 ad
287 2127 470 2224 Georgica
483 2126 577 2202 locis
599 2126 749 2218 inserui;
771 2126 916 2202 miserat
938 2130 1039 2201 enim
1053 2126 1103 2199 ad
1117 2152 1180 2203 me

145 2267 212 2340 Vir
236 2281 274 2337 et
295 2261 385 2334 olim
399 2266 473 2335 mei
488 2259 665 2338 studiosus
680 2289 749 2364 pro
765 2260 1034 2336 beneuolentia
1055 2261 1117 2334 sua
1140 2278 1179 2343 et

144 2399 375 2473 humanitate
396 2396 666 2497 Georgicorum
688 2397 877 2498 exemplar
896 2423 1010 2470 manu
1033 2397 1095 2471 sua
1109 2423 1178 2472 no·

146 2552 264 2606 tutum
288 2557 333 2605 ea
352 2530 455 2630 lege,
487 2552 542 2622 vt,
586 2557 683 2632 quae
705 2532 793 2606 inde
816 2530 951 2607 tollere
974 2550 1041 2608 aut
1064 2532 1177 2607 relin-

144 2692 262 2770 quere
282 2663 433 2756 vellem,
463 2664 674 2742 libertatem
696 2666 848 2741 faceret.

143 2852 148 2860 .
227 2805 276 2878 Et
311 2799 491 2881 hactenus
523 2800 676 2901 quidem
710 2795 759 2876 de
790 2799 985 2875 conatibus
1016 2806 1111 2875 meis
1137 2805 1177 2874 in

144 2934 261 3040 ipsum
281 2955 445 3038 poetam.
511 2933 651 3027 Restat,
686 2955 724 3009 vt
745 2935 909 3011 breuiter
931 2935 1099 3011 indicem
1119 2961 1175 3027 ea,

140 3097 242 3173 quae
266 3059 359 3146 lruic
389 3068 611 3171 praefationi
645 3069 807 3146 subiecta
839 3069 931 3144 sunt.
996 3075 1174 3161 Primum,

145 3231 233 3281 cum
256 3210 434 3278 variantes
455 3202 636 3280 lectiones
661 3232 708 3281 ex
737 3204 817 3279 satis
841 3231 977 3305 magno
998 3205 1176 3280 codicum

106 3398 110 3430 ,
143 3335 361 3438 scriptorum
381 3364 537 3414 numero
557 3339 776 3415 excitandae
793 3337 923 3431 essent,
956 3366 1119 3441 quorum
1139 3357 1177 3413 vt

132 3472 223 3565 alii,
262 3476 327 3577 qui
349 3473 507 3548 eandem
535 3498 684 3549 mecum
712 3474 826 3548 telam
853 3502 933 3549 non
955 3475 1173 3567 deterruere,

141 3611 331 3700 notitiam,
356 3628 395 3685 et
416 3628 553 3710 quanta
577 3613 758 3711 cuiusque
781 3615 981 3686 auctoritas
1005 3610 1111 3704 esset,
1134 3617 1175 3686 in

134 3759 291 3845 promtu
318 3742 517 3836 haberent,
561 3742 736 3847 postulari
763 3771 844 3823 non
872 3764 1020 3847 poterat
1027 3776 1038 3838 ;
1093 3745 1174 3818 sub-

134 3932 137 3937 *
211 3961 242 4043 *)
260 3962 331 4025 vid.
352 3963 447 4026 modo
473 3959 635 4027 Wctslenii
676 3967 725 4025 rin
735 3965 847 4046 p.XX.
855 3966 935 4030 Ven.
946 3963 1065 4032 Ernesti
1072 3964 1169 4051 praes.

131 4064 259 4147 proleg.
281 4067 320 4127 ad
342 4069 381 4132 N.
404 4068 442 4127 T.
472 4089 503 4149 p.
527 4087 635 4147 199-
675 4069 778 4132 Taciti
798 4089 825 4131 a.
846 4070 877 4133 5.

142 4188 214 4229 aot.
235 4169 370 4234 Piersou.
385 4171 482 4256 praes.
499 4170 538 4234 ad
545 4170 635 4233 Moe·
