2692 4914
933 138 955 193 el·

258 337 562 413 tvcottct
587 338 967 436 ECL.V1,73—80
1057 341 1126 438 157

77 516 265 599 candida
309 519 532 598 succinctam
575 512 794 600 latrantibus
829 529 982 625 inguina
1013 553 1121 602 mon-

703 639 783 716 stris
1067 649 1117 747 75

66 757 286 833 Dulichias
309 757 455 837 rexalle
475 782 591 854 rates,
637 782 675 838 et
694 771 839 865 gurgite
859 772 898 841 in
917 768 994 842 alto

63 882 150 955 Ah!
191 882 347 957 timidos
367 903 496 958 nautas
522 885 675 961 canibus
696 887 871 964 laceralle
893 889 1067 965 marinis?

60 1017 165 1096 Aut,
205 1023 246 1076 vt
267 988 428 1081 mutatos
448 1010 560 1082 Terei
587 1004 792 1084 narrauerit
812 1030 929 1101 artus;

61 1132 183 1226 Quas
206 1125 266 1202 illi
285 1128 492 1203 Philomela
515 1129 647 1230 dapeS,
672 1157 770 1232 quae
792 1133 893 1206 dona
918 1140 1067 1234 pararit,

61 1256 167 1348 Quo
195 1249 307 1335 cursu
327 1250 468 1325 deserta
487 1256 679 1353 petiuerit,
711 1273 748 1330 et
769 1256 903 1355 quibus
928 1276 1014 1333 ante
1066 1261 1116 1334 80

136 1423 180 1494 75
192 1448 230 1463 -·
244 1438 279 1493 77
297 1422 377 1475 iidem
394 1422 476 1476 verim
495 1424 523 1475 in
540 1424 595 1478 Ciri
615 1427 657 1496 59.
672 1425 713 1479 60.
728 1427 770 1480 61.
854 1431 887 1498 76
902 1435 1014 1499 gurgite
1031 1427 1114 1502 vallo

60 1507 158 1562 Goth.
175 1505 231 1560 [ec.
249 1523 314 1557 uu.
328 1506 377 1560 lec.
447 1524 478 1578 77
493 1513 535 1560 Ae
549 1511 654 1581 Menag.
691 1512 807 1563 canthur
822 1528 923 1565 nautas
938 1532 1003 1566 vnut
1017 1514 1116 1568 Moreti

59 1609 92 1646 a
111 1589 200 1646 laid„
242 1590 359 1663 veaeaffe
375 1590 501 1646 Rottend.
521 1590 586 1646 alter
607 1611 656 1665 pro
679 1595 823 1667 laceraffe.
904 1599 936 1665 78
960 1598 1024 1651 Tert
1040 1597 1113 1652 vau.

57 1678 143 1751 prior
157 1692 192 1730 et
205 1675 301 1739 Seru,
327 1687 398 1744 rttn
416 1675 569 1729 Prometht.
639 1695 672 1747 79
688 1696 806 1746 pararet
824 1679 933 1735 Mentel.
955 1701 994 1752 pr.
1028 1701 1114 1755 para·

59 1759 267 1815 ntssottend.
287 1759 336 1814 lec.
404 1763 438 1815 80
459 1763 538 1830 Quae
562 1762 642 1831 cursu
663 1762 772 1834 deserta
786 1765 853 1818 Ven.
869 1783 895 1820 et
909 1765 1039 1827 Parrhas.‚
1059 1785 1115 1820 non

59 1847 157 1986 zise,
180 1843 238 1984 lerll³
254 1846 315 1916 Quo
335 1845 417 1918 curfia
433 1846 525 1900 meliut
539 1845 679 1919 respondet
703 1849 802 1919 quibus
823 1851 885 1902 alis.
921 1856 1035 1919 petierit
1053 1852 1115 1903 Ptr-

57 1952 74 1986 r
127 1970 137 1984 .
161 1946 195 1984 ct
237 1947 280 2000 eg.

63 2072 144 2132 265.
189 2086 292 2149 quam
312 2066 416 2148 fama
432 2058 580 2148 sequuta
619 2087 678 2126 nes
704 2067 834 2131 murini.
869 2088 897 2126 v.
924 2067 1044 2128 Excurl'.
1073 2069 1115 2130 ad

58 2168 133 2245 est,
184 2165 284 2250 fimpl.
320 2188 415 2250 quam
459 2168 577 2242 fentnt,
619 2168 649 2227 h.
664 2189 693 2228 v.

57 2269 268 2351 minim,
310 2265 477 2350 (Expreffit
510 2289 578 2329 voc.
661 2271 712 2333 80.
730 2269 1114 2351 Pendetnsuperioribua:
1161 2302 1166 2312 *

56 2365 180 2449 Φέας,
202 2366 303 2453 φήμη,
327 2391 386 2451 pro
404 2369 512 2448 μῦθος,
535 2372 580 2430 ia·
619 2385 657 2430 ve
677 2360 884 2440 narranerit,
916 2393 997 2454 quas
1012 2374 1115 2454 dapes

59 2473 162 2552 bula)
190 2470 358 2531 habentem
375 2475 501 2554 inguina
515 2472 579 2533 suc·
617 2475 750 2552 pararit
763 2507 805 2520 -
818 2475 978 2553 petiuerit
992 2511 1032 2521 —
1056 2495 1115 2535 vo-

60 2581 176 2636 cincta
207 2573 335 2634 canibus
362 2577 486 2633 marinis
493 2615 504 2646 ,
540 2594 578 2634 ex
621 2574 777 2634 litanerit.
807 2575 890 2636 Nota
904 2577 954 2635 vel
968 2597 1005 2636 ex
1019 2578 1114 2636 Ouid.

61 2678 139 2736 aluo
165 2679 236 2735 eius
261 2673 503 2753 prodeuntibus,
531 2678 578 2733 in·
619 2677 696 2737 Met.
711 2679 755 2736 Vl
769 2692 842 2738 extr.
859 2674 970 2735 fabula.
1005 2678 1116 2758 Trepi-

64 2774 194 2838 iel'talle
215 2772 325 2858 vlyffis
347 2795 461 2835 nauem
482 2791 512 2836 et
532 2775 579 2835 10·
620 2777 690 2836 daui
708 2779 781 2837 olim
799 2783 832 2836 in
856 2776 1016 2848 hocloco,
1040 2779 1114 2836 dnm

65 2885 134 2940 cios
151 2883 222 2938 eiua
239 2873 405 2937 deuoralle.
449 2876 577 2936 Versum
619 2898 685 2937 non
703 2899 806 2936 meum
827 2877 944 2936 sensum
965 2870 1015 2935 sed
1038 2878 1115 2937 alios

65 2985 111 3060 75
147 2996 185 3040 et
212 2980 342 3038 sormam
380 2975 577 3039 monstrosam
618 2982 801 3057 interpretes
819 2977 1038 3047 consulueram,
1061 2980 1115 3056 qui

69 3082 200 3164 Scyllae
215 3077 364 3141 illustrant
375 3085 470 3152 numi,
493 3101 577 3162 gem·
618 3078 819 3138 Philomelam
833 3083 865 3136 in
877 3078 1030 3137 lusciniam
1048 3098 1115 3135 rnu-

71 3204 143 3244 mae
189 3198 222 3241 et
266 3183 322 3241 alia
364 3198 575 3241 monumenta.
618 3196 710 3238 tetam
739 3177 870 3239 auolalle
899 3176 1114 3238 1011100000-

68 3286 142 3345 Alia
166 3304 196 3341 v.
224 3285 259 3340 in
279 3283 412 3343 Excursu
436 3283 475 3341 ad
504 3282 533 3342 h.
556 3285 576 3343 1.
618 3284 696 3354 lunt,
717 3298 747 3342 et
763 3297 854 3349 ante,
880 3296 1114 3362 antequamvo·

70 3389 125 3463 76.
154 3382 305 3462 vexaffe,
349 3382 484 3444 habuille
515 3382 575 3445 1100
618 3385 712 3456 laret,
742 3384 807 3444 suas
830 3384 920 3443 aedes
944 3388 1114 3442 circumuo-

72 3484 263 3547 vocabulum
303 3486 407 3565 paullo
452 3490 575 3546 maioris
617 3483 712 3545 litalle
742 3491 835 3545 aiunt.
881 3486 993 3554 Poeta,
1021 3498 1112 3562 puto,
1183 3530 1185 3533 s

74 3590 246 3648 atrocitatis
269 3583 467 3668 fignificatum
493 3587 576 3668 apud
618 3610 671 3648 eos
687 3589 828 3671 sequitur,
850 3589 902 3668 qui
912 3583 1115 3644 Philomelam
1134 3572 1141 3587 ’

73 3705 197 3749 veteres
219 3688 428 3762 contendunt,
465 3703 497 3746 et
522 3690 576 3748 de·
618 3693 652 3748 in
672 3689 867 3750 hirundinem
883 3701 1031 3744 mutatam
1055 3682 1116 3746 elle

74 3790 212 3850 iendunt
238 3789 418 3870 Virgilium,
458 3788 576 3847 Gellius
617 3804 845 3861 memorarunt,
874 3803 907 3846 vt
928 3787 1016 3846 multi
1032 3787 1117 3846 fece·

72 3890 112 3951 N.
133 3882 171 3949 h
192 3889 234 3963 Π,
251 3893 280 3952 6.
324 3888 462 3951 Macrob.
477 3889 532 3962 VI,
547 3909 576 3969 7.
617 3913 669 3951 re:
701 3894 770 3951 vide
794 3913 822 3953 v.
846 3911 870 3948 c.
895 3888 1038 3968 Apollod„
1061 3887 1115 3955 111.

74 3992 163 4052 Seru.
187 4012 226 4051 ex
241 3991 345 4051 Probo
369 3990 399 4050 11.
419 3994 440 4053 l.
482 3992 577 4052 Vide·
623 4001 670 4068 14,
694 3995 724 4054 8.
757 3993 795 4053 01.
819 3992 913 4050 Notas
936 4011 967 4070 p.
987 3992 1049 4067 842
1073 3988 1115 4072 sq.

75 4109 125 4154 tur
157 4109 273 4174 poetae
301 4098 405 4155 animo
439 4090 577 4153 insedille
619 4093 741 4153 Conon.
758 4115 782 4153 c.
800 4097 852 4157 81.
893 4087 1045 4172 Appositis
1062 4107 1115 4145 nu-

73 4196 280 4257 Homericum
303 4191 465 4277 βλάπτειν.
517 4194 578 4253 ea-
620 4208 682 4256 tem
719 4198 833 4277 epulis,
877 4213 914 4253 ex
952 4191 1023 4274 Ityir
1061 4187 1115 4246 filii

113 4299 217 4358 Tot«.
237 4297 263 4358 1.
682 4295 702 4352 S
