2700 4906
145 335 220 422 546
377 326 690 405 P.vtttG1L11
719 317 992 396 MARONIS

151 521 212 597 Ad
231 516 388 594 delubra
424 522 545 605 iuuat,
591 509 794 609 caesosque
816 505 952 580 videre
979 508 1173 593 iuuencos3

155 656 227 732 Vel
250 654 356 729 scena
375 672 415 722 vt
433 647 542 724 verfis
566 642 734 719 discedat
758 639 971 730 frontibus,
1016 655 1132 739 vtqne

156 793 352 887 Purpurea
372 788 504 858 intexti
523 780 656 856 tollant
687 775 819 851 aulaea
848 777 1036 848 Britanni.
1156 773 1193 846 25

159 927 205 996 In
222 919 364 993 foribus
386 944 547 1018 pugnam
576 941 624 990 ex
651 937 742 984 auro
771 908 977 1010 solidoque
1006 905 1195 1008 elephanto

167 1052 421 1152 Gangaridum
441 1054 593 1139 faciam,
630 1049 858 1144 victorisque
880 1068 990 1115 arma
1006 1046 1168 1141 Quirini;

234 1246 268 1302 ²4
288 1253 374 1306 atque
394 1236 499 1304 Argant.
518 1233 583 1295 Ed..
611 1246 720 1286 notante
732 1227 849 1282 Reirkio.
928 1227 965 1280 25
983 1228 1092 1280 eoIIeur
1105 1227 1195 1296 Marg.

87 1344 88 1348 ¹
166 1320 211 1374 rit.
247 1329 358 1374 intexta
377 1319 482 1386 Meurig.
499 1338 537 1388 pr.
607 1310 1013 1385 27Gargar1dumRottend„
1047 1310 1092 1364 sed
1105 1312 1195 1366 Graeci:

165 1411 335 1474 Γανδαρίδαι,
360 1405 432 1475 quod
447 1405 490 1455 aiii
513 1400 606 1455 tieriss'e
626 1401 759 1460 videntur,
795 1396 860 1450 dum
883 1414 899 1447 a
915 1396 1015 1469 Gange
1038 1397 1144 1451 ductum
1160 1417 1197 1469 pu·

165 1489 273 1543 tabenti
303 1488 411 1542 Salmas.
433 1489 467 1540 ed
485 1488 569 1540 Solin.
592 1507 619 1560 p.
637 1489 697 1557 698.
743 1489 865 1538 victoris
885 1495 914 1534 et
936 1499 1030 1551 anne·
1042 1482 1155 1536 Parthas.

168 1645 283 1727 pellat,
305 1666 386 1729 quae
404 1659 436 1706 et
456 1645 534 1705 Aen.
547 1645 588 1717 V,
605 1650 668 1723 774
709 1662 774 1709 na,
812 1651 923 1717 vtpote
948 1635 1118 1713 versatilis,
1154 1641 1200 1698 cir·

170 1765 205 1808 et
220 1750 284 1812 556
310 1749 405 1826 tonsa
421 1768 548 1807 corona
563 1766 669 1805 occur·
710 1744 891 1823 curnagitur.
966 1739 1087 1800 Velum
1113 1755 1201 1801 auten

171 1855 230 1926 rit,
263 1850 413 1912 attonsam
429 1850 522 1931 vulgo
540 1845 599 1908 effe
616 1867 669 1906 vo·
710 1843 772 1904 [iue
786 1842 962 1914 aulaeum,
987 1842 1200 1922 prodeuntibus

174 1953 260 2027 lunt,
286 1969 411 2015 ornatus
429 1948 549 2019 cauffn:
565 1949 669 2007 malim
711 1949 833 2005 iemIam
857 1943 1034 2017 actoribus,
1068 1966 1147 2018 non,
1176 1959 1201 2003 vt

111 2091 116 2101 ·
175 2056 278 2115 dicere
300 2053 490 2133 fimpliciter,
525 2054 597 2132 quia
616 2049 670 2108 de·
710 2067 811 2116 nunc,
839 2043 1022 2119 demissum,
1054 2047 1105 2107 sed
1123 2045 1201 2107 inal-

177 2170 301 2234 cerptao
319 2154 387 2213 sunt
409 2153 535 2212 frondes
558 2173 595 2211 ex
623 2172 670 2210 ar·
711 2165 777 2208 turn
799 2147 950 2207 sublatum
971 2145 1082 2220 fniss'e,
1122 2148 1201 2208 adeo·

174 2254 261 2315 bore.
304 2256 415 2337 Neque
435 2254 517 2313 aliud
541 2251 584 2314 est
604 2254 670 2312 Ho·
712 2273 772 2335 que
792 2255 920 2311 intextas
945 2249 999 2310 seu
1021 2255 1121 2330 pictas
1139 2256 1203 2310 ima·

175 2360 328 2415 ratianum
349 2356 444 2416 illud:
480 2354 669 2435 decerptam
711 2357 816 2438 giret,
840 2351 870 2412 h.
887 2353 908 2411 l.
927 2353 1118 2428 Britannos,
1141 2373 1203 2435 pro·

55 2448 59 2456 ¹
135 2452 136 2455 ¹
169 2457 286 2536 fronti
307 2470 514 2539 praeponere
536 2456 668 2514 oliuam.
711 2476 784 2516 cero
807 2475 960 2534 corpore,
999 2471 1034 2516 et
1066 2457 1144 2518 forte
1169 2473 1201 2514 eo

88 2598 90 2603 »
175 2560 220 2618 Ex
242 2558 344 2618 edicto
366 2575 471 2619 tamen
489 2557 670 2620 autsubie-
711 2558 819 2618 habitu
840 2563 952 2637 pictos,
977 2573 1137 2640 tamquam
1158 2559 1202 2639 qni

175 2661 261 2720 rulae
302 2664 391 2722 minis
430 2661 551 2723 edicere
584 2665 669 2746 quic·
710 2658 766 2740 ipsi
788 2660 853 2719 vela
876 2659 1046 2734 tollerent,
1078 2657 1203 2743 quafiex

175 2781 269 2844 quam
284 2762 391 2822 nolim.
710 2778 791 2822 terra
811 2760 933 2843 surgere
956 2762 1036 2822 visas
1059 2761 1137 2836 effe,
1161 2766 1202 2820 rix

240 2885 290 2923 22.
326 2865 397 2922 Iam
432 2885 520 2923 nrrne
552 2867 669 2930 iuuat:
712 2885 789 2944 opus
807 2860 849 2922 est
863 2862 967 2923 multis
983 2864 1110 2925 docere.
1150 2865 1202 2923 Lo-

175 2977 333 3046 tnmquam
355 2982 464 3045 poeta,
499 2966 547 3036 id,
584 2964 670 3047 quod
712 2987 764 3025 cus
786 2962 919 3025 clafficua
943 2966 1042 3024 Ouid.
1067 2969 1142 3026 Met.
1156 2964 1200 3030 ΙΙΙ.

177 3066 296 3147 facere*
322 3064 409 3149 gestit
443 3055 582 3140 animus,
630 3067 670 3127 ad
717 3083 891 3144 rii-114.
936 3068 1150 3129 Hurdiusl.c.
1169 3066 1202 3125 de

175 3169 319 3247 praesens
369 3185 488 3250 tempus
531 3183 669 3241 reuocet,
713 3171 822 3230 aulaeo
845 3167 968 3229 delubri
986 3170 1167 3250 accipiebat.

176 3267 262 3349 quati
297 3285 432 3328 actutum
462 3276 496 3331 in
518 3293 556 3330 eo
582 3291 671 3331 occu.
771 3274 921 3334 26-50.
957 3271 1008 3331 Ad
1031 3283 1202 3333 ornamenta

176 3384 268 3446 patus
290 3367 334 3427 [it.
399 3372 530 3450 Rapitur
553 3377 671 3434 animus
714 3374 821 3453 tempii
848 3376 881 3432 in
899 3370 1029 3454 Augusti
1058 3373 1200 3435 honorem

177 3465 315 3527 aestuans
330 3474 362 3529 in
377 3474 492 3532 medias
507 3495 571 3544 res,
596 3490 672 3534 tam·
713 3474 867 3535 condendi
882 3480 1008 3535 transit:
1036 3472 1201 3560 anaglypha

178 3587 270 3650 quam
289 3567 311 3628 fi
331 3590 433 3631 coram
454 3590 607 3655 gerantur.
713 3580 746 3637 in
765 3575 898 3648 foribus,
942 3577 1026 3636 coni.
1054 3580 1131 3637 Aen.
1155 3573 1200 3647 Vi,

222 3678 272 3745 24.
296 3673 345 3732 25.
384 3674 507 3749 Priora,
535 3676 670 3736 adsacra
715 3677 850 3760 eosqq„
881 3677 938 3754 (de
959 3682 995 3738 iis
1009 3700 1040 3738 v.
1055 3680 1126 3740 Ere.
1140 3675 1201 3736 XV·

175 3771 385 3850 pertinebant,
413 3780 445 3835 in
460 3776 569 3860 quibus
582 3799 672 3858 pom·
715 3779 753 3840 ad
768 3779 819 3845 lib.
834 3779 858 3841 Ι.
873 3783 964 3859 Aen.)
986 3797 1018 3840 et
1033 3783 1158 3863 quidem
1171 3796 1202 3837 ex

178 3891 221 3953 pe
250 3873 288 3931 ad
314 3877 462 3956 ternplum
492 3880 599 3955 ducta,
639 3897 672 3941 et
714 3881 808 3943 ebore
832 3898 863 3941 et
885 3903 977 3943 auro:
1015 3898 1050 3942 vt
1074 3903 1122 3963 ap.
1145 3881 1200 3940 Cic.

179 3977 301 4034 victime
325 3977 425 4052 caesa,
464 3979 671 4044 haeciterum
712 3985 801 4044 Verr.
822 3984 862 4043 IV
873 4027 882 4055 ,
906 3984 964 4051 56;
1014 3997 1083 4044 tum
1112 3983 1200 4058 v.34

179 4075 220 4137 ed
238 4074 344 4153 ludos,
379 4083 461 4141 inter
481 4105 559 4165 quoa
579 4091 672 4148 etiam
713 4084 795 4168 figna
822 4106 857 4144 ac
878 4084 999 4144 statuas.
1059 4088 1200 4165 Pugnant

166 4175 320 4253 scenicos
341 4180 475 4245 editurus
494 4183 546 4246 est·
599 4190 672 4250 Sce-
717 4187 989 4266 Gangaridarum
1039 4188 1199 4269 (Indorum
