2692 4914
264 322 607 402 GEORGICON
633 330 733 401 LIB.
752 330 805 418 ll,
828 326 1037 402 162-168
1111 333 1184 424 447

161 509 333 586 Ostendit
352 519 473 605 venis,
514 532 627 614 atque
651 541 742 588 euro
768 513 925 614 plurima
952 511 1069 586 fluxit.
1118 569 1121 572 <

156 653 263 723 Haec
289 674 404 748 genus
427 672 514 722 acre
531 653 673 757 ¹virum,
705 645 863 737 Marsos,
886 645 1102 747 pubemque
1120 647 1184 720 Sa·

571 820 574 827 ·
681 857 684 870 ,
771 778 920 871 bellam,

153 911 434 1014 Adsuetamque
453 913 551 986 malo
565 917 757 1012 Ligurem,
777 912 1006 1014 Volscosque
1023 931 1184 1006 verutos,

208 1136 257 1203 167
268 1137 329 1187 Hoc
341 1134 444 1188 Zulicb.
460 1151 485 1189 et
502 1135 591 1189 Mead.
626 1143 706 1188 viror
720 1132 943 1189 Gotb.sec..am.
957 1153 996 1206 pr.
1059 1136 1107 1190 168
1121 1137 1183 1190 Ad-

140 1220 261 1290 suetum
281 1221 356 1271 malo
375 1221 493 1281 Zulicb.,
522 1220 611 1273 additu
629 1219 737 1273 ridicula
756 1217 851 1292 glossa,
886 1217 979 1280 idest,
1009 1218 1121 1274 nauibus
1142 1221 1185 1276 vel

151 1307 249 1377 pomis.
286 1307 420 1375 Ligurum
431 1288 529 1358 Medic.
544 1323 605 1357 am.
619 1324 658 1377 pr.
692 1305 758 1358 Mox
777 1305 904 1374 Vulscor,
926 1305 1039 1366 Valeor,
1067 1308 1181 1371 Volcos,

159 1392 278 1443 Volctos
301 1389 425 1442 scribitur.
472 1405 571 1444 veruto
602 1388 670 1456 (scil.
697 1387 849 1457 adsuetum)
888 1387 994 1461 Lipsius
1016 1391 1184 1452 emendabat.

152 1475 208 1530 Sed
226 1474 278 1527 vid.
297 1475 363 1528 Not.

150 1644 287 1720 argenti
314 1643 404 1700 riuos
448 1641 504 1718 (ex
526 1642 647 1702 Lucret.
690 1635 766 1721 cosi,
805 1658 874 1698 cum
895 1638 1042 1711 Sabinis,
1076 1641 1180 1709 seuera

151 1748 195 1820 V,
221 1748 319 1824 1255)
347 1757 379 1802 et
399 1762 483 1800 auro
501 1744 648 1823 plurima
689 1740 845 1821 discipliuae
865 1745 996 1812 nutritis,
1018 1748 1119 1824 pritno
1133 1747 1181 1807 lo·

143 1847 269 1926 fluxit,
287 1848 409 1926 poetica
424 1848 553 1918 ratione,
575 1865 644 1924 pro,
689 1861 726 1901 co
763 1847 927 1908 memorari
961 1843 1059 1905 solent
1096 1851 1179 1908 inter

151 1952 319 2032 plurimum
347 1950 413 2005 euri
446 1949 480 2005 in
512 1965 550 2005 eu
585 1943 643 2014 ell3
687 1942 790 2002 Iuliae
810 1944 952 2025 populos.
1003 1945 1175 2023 adstretum

153 2047 272 2110 tametsi
300 2048 359 2109 hoc
386 2048 425 2108 ed
451 2047 569 2107 Padum
596 2068 645 2107 re·
686 2044 774 2104 malo
796 2066 855 2126 pro
876 2048 980 2120 mulis,
1013 2055 1177 2124 aerumnis,

152 2154 226 2213 ferri
247 2148 348 2232 possit,
368 2171 442 2211 nem
462 2149 544 2230 apud
567 2150 645 2210 Pliu.
687 2146 858 2225 laboribus,
888 2147 1082 2234 κακοπαθείᾳ
1116 2154 1177 2233 (ct.

152 2253 308 2328 XXXIII,
331 2261 362 2331 4,
389 2251 409 2313 s.
433 2274 468 2312 21
506 2256 540 2310 iu
559 2252 645 2314 Pedo
686 2251 764 2311 Aen.
783 2250 847 2325 IX,
869 2255 933 2331 604
953 2251 1044 2336 sqq),
1079 2254 1177 2334 Ligu·

144 2358 323 2435 segmenta
336 2358 413 2413 auri
431 2356 569 2436 reperiri
586 2368 645 2413 tre·
686 2372 773 2421 rem,·
794 2354 869 2414 colit
886 2358 969 2415 enim
989 2375 1096 2438 agrum
1115 2361 1177 2418 exi·

154 2459 278 2519 duntur.
331 2458 380 2517 Ad
404 2471 524 2517 montes
545 2476 579 2515 ec
597 2454 645 2515 lil-
684 2454 746 2515 lem
783 2471 815 2518 et
845 2455 989 2520 saxosum.
1046 2460 1177 2520 Inculta

151 2582 207 2620 vas
235 2559 400 2640 aliquando
426 2558 577 2631 incensos,
611 2574 644 2617 vt
683 2556 822 2637 Alpium
864 2557 1030 2640 postrema
1080 2560 1177 2643 P⁰ff²⁰

151 2661 278 2722 metalla
333 2675 457 2721 excocta
511 2659 644 2722 fluerent
684 2656 774 2726 dent,
794 2663 837 2718 eit
854 2662 977 2721 Semiur
999 2661 1048 2738 (cs.
1066 2663 1177 2723 Addi-

152 2766 293 2841 (Lucret.
311 2762 352 2834 V,
376 2769 455 2839 1242
477 2762 563 2846 sqq),
595 2783 643 2822 re·
673 2759 771 2837 son's
792 2762 946 2820 Remarks
975 2783 1019 2822 on
1039 2765 1178 2841 several

152 2864 273 2927 serebat
292 2865 349 2923 Iul.
371 2863 508 2927 Sabinus.
556 2867 644 2923 aeris
684 2862 781 2920 Parts
802 2862 845 2940 of
856 2863 942 2942 Italy
962 2884 994 2943 p.
1017 2867 1061 2942 6),
1107 2869 1176 2928 Ma.

152 2968 290 3028 metalla
337 2962 481 3041 ostendit
532 2969 642 3035 venis,
684 2963 714 3023 le
743 2960 802 3022 boc
836 2967 869 3021 in
897 2964 950 3023 toli
980 2971 1113 3029 carmine
1144 2980 1176 3032 et

151 3070 240 3153 quod
275 3073 309 3128 in
348 3070 466 3151 vulgari
501 3074 642 3131 oratione
685 3069 718 3124 in
739 3066 791 3124 tali
810 3066 881 3125 loco
901 3065 1065 3128 edmulem
1081 3069 1176 3133 fidem

150 3170 270 3245 suillet,
305 3191 408 3229 venas
428 3174 515 3230 aeris
542 3194 560 3230 ο
576 3187 643 3230 ten-
684 3166 795 3228 horum
836 3165 997 3227 hominum
1030 3171 1176 3250 trabitur,

152 3274 213 3336 dit.
266 3275 354 3330 aeris
379 3273 515 3332 metalla
541 3272 571 3334 h.
593 3294 643 3335 ees
684 3285 718 3330 vt
757 3269 857 3331 fucere
902 3271 1038 3333 videmus
1082 3281 1176 3338 etium

149 3399 181 3438 o.
205 3381 240 3435 in
258 3376 360 3434 venis.
420 3373 565 3453 Ostendit
591 3397 644 3435 au·
684 3393 836 3453 nuperum
865 3371 1041 3454 scriptorem
1086 3378 1176 3457 (Ob.

150 3495 217 3541 tem
233 3498 301 3538 non
320 3475 467 3556 otiosum3
488 3483 560 3560 quie
581 3500 644 3539 cer·
675 3474 867 3552 servatione
888 3477 953 3553 sur
979 3477 1101 3538 l’Italie
1134 3484 1174 3545 Τ.

149 3587 189 3642 tis
212 3595 331 3640 tentum
350 3577 479 3662 vestigiis
505 3603 554 3642 rer
581 3603 646 3642 cre·
684 3579 746 3653 111,
773 3600 805 3661 p.
834 3582 933 3659 279),
975 3600 1045 3640 cum
1066 3584 1175 3646 eedem

149 3683 292 3756 debatur,
322 3683 443 3742 metallo
463 3700 565 3745 autem
584 3685 645 3745 Ite·
685 3677 781 3742 nune
808 3686 915 3762 opinio
956 3683 995 3745 de
1028 3686 1176 3749 Genuen·

148 3788 212 3847 liae
241 3805 383 3845 exercere
412 3787 540 3846 Senatus
570 3807 644 3847 con·
685 3782 760 3843 lium
775 3787 901 3866 ingenio
916 3789 997 3846 inter
1008 3787 1100 3850 Italos
1120 3789 1176 3852 ob·

148 3889 237 3965 sultol
269 3890 397 3947 vetitum
433 3904 515 3949 eret:
564 3890 642 3949 Plin.
685 3892 789 3947 tiuem.
829 3887 917 3948 Idem
931 3905 1037 3950 auctor
1057 3890 1175 3971 (Gros-

147 3992 206 4064 111,
226 4012 276 4063 20,
298 3989 318 4050 s.
342 3999 383 4069 24
403 4007 477 4051 extr.
494 3992 642 4065 XXXIII,
684 3989 747 4070 Ity,
783 3992 820 4049 T.
841 3990 887 4063 11,
928 4014 960 4073 p.
987 3995 1059 4071 413.
1088 3997 1175 4076 414)

146 4104 180 4176 4,
204 4094 292 4155 s.21.
319 4094 473 4153 XXXVII
485 4111 559 4155 extr.
684 4109 784 4166 recte,
820 4115 912 4176 quum
940 4095 1056 4158 diuersa
1083 4096 1175 4158 facies

195 4201 385 4281 167-170.
416 4196 535 4274 Marfi,
558 4196 644 4258 belli·
683 4195 789 4256 Italiae
817 4216 899 4259 nunc
926 4195 978 4274 sit,
1018 4198 1174 4272 obferunt,
