2692 4914
256 291 1008 391 ouoauleouu1ss.111,23-a9
1108 293 1181 398 aa,

101 541 103 568 ἰ
149 485 276 582 Atque
298 481 360 556 hic
381 480 583 554 vndantem
602 478 704 553 bello
725 505 978 583 magnumque
1003 481 1182 561 fluentem

101 686 103 705 ,
149 616 296 709 Nilum,
344 640 389 690 ac
411 613 536 687 nauali
559 610 736 713 [urgentis
760 640 847 688 aare
877 615 1082 691 columnas.

100 799 105 842 τ
217 835 251 886 28
270 836 365 904 Aequa
386 831 453 885 hinc
475 829 558 883 Goth.
574 827 622 883 sac.
638 844 664 883 at
677 828 800 882 Emnckii
814 829 896 896 libera
919 831 996 906 quoii
1011 833 1055 890 issa
1067 835 1180 909 recepit=

154 918 203 973 erit
223 936 283 990 ergo
303 937 366 990 pro,
396 915 473 978 inda,
494 914 594 987 possaa.

151 1105 190 1166 ad
209 1107 326 1188 Gangis
342 1103 416 1167 ostia
440 1104 479 1164 ab
503 1102 647 1165 occiden·
688 1106 754 1173 nia,
794 1119 926 1184 apoeta
952 1106 1022 1171 dici.
1084 1131 1182 1173 arma

100 1259 102 1282 1
150 1211 203 1271 tali
225 1213 332 1290 parte)
363 1221 530 1278 memorat,
573 1208 645 1286 quia
691 1205 824 1286 Quirini
854 1211 979 1288 poetica
1020 1214 1181 1277 eonsuetu-

100 1341 104 1370 ι
150 1315 323 1372 communia
342 1310 394 1369 ille
413 1309 539 1368 laudum
560 1307 645 1369 locus
688 1305 761 1367 dine
782 1328 841 1389 pro
864 1311 997 1393 Quirino
1024 1317 1059 1374 iu
1079 1323 1180 1395 armis,

147 1416 182 1472 iu
204 1408 358 1493 Augusto,
404 1426 436 1471 vt
457 1410 551 1471 Indos
576 1431 645 1469 cum
688 1424 815 1469 armato.
883 1411 948 1473 Nifi
984 1437 1082 1478 arma
1121 1442 1183 1503 pro

99 1511 104 1541 ¹
148 1511 268 1574 Parthia
284 1516 379 1572 victos
400 1517 428 1571 ei
449 1528 501 1591 aut
517 1516 646 1592 promit·
687 1509 788 1585 bello,
831 1533 937 1598 pugna
964 1535 1016 1578 aut
1044 1525 1181 1599 victoria,

148 1630 253 1676 terent
274 1630 327 1675 aut
351 1615 469 1674 darent.
508 1615 545 1675 cf.
565 1613 644 1694 supr.
688 1612 767 1673 dicta
790 1619 935 1695 accipiar,
973 1623 1060 1704 quod
1082 1643 1114 1686 et
1134 1631 1182 1709 ip-
1258 1596 1274 1633 τ’

99 1778 101 1805 ‚
150 1716 528 1800 GeorgrlI,171.17n.
567 1716 645 1776 Aen.
688 1713 753 1774 sum
768 1714 848 1775 bene
864 1716 961 1779 fieret.

148 1819 182 1891 Ι,
214 1823 286 1898 289.
345 1816 472 1877 Curabit
498 1823 602 1899 itaque
629 1837 648 1876 a
733 1819 782 1880 28.
806 1838 855 1898 29.
881 1822 1072 1905 Aegyptum,
1094 1829 1180 1888 victis

148 1921 305 2002 scalptore
333 1917 439 2002 effingi
463 1920 558 1979 Indos
586 1922 648 1978 vio·
687 1920 825 1979 Antouio
847 1936 879 1981 et
893 1923 1057 2004 Cleopatra
1073 1949 1180 2010 pugna
1256 1945 1260 1954 ·

148 2032 216 2095 to's,
271 2025 446 2105 Aegyptum
473 2022 645 2095 subactam,
686 2022 811 2081 Actiaca
824 2025 1181 2110 nauali,inp0testatem

144 2121 217 2207 post
256 2127 414 2184 Actiacam
468 2128 645 2197 victoriam,
688 2122 726 2182 ab
740 2121 874 2208 Augusto
891 2127 1047 2189 redactam
1062 2153 1181 2195 memo·

147 2242 217 2287 tum
245 2224 363 2300 Asiam,
407 2230 584 2287 Armeniam
613 2241 646 2285 et
687 2242 743 2286 rat.
805 2226 987 2290 vndancam
1021 2231 1105 2294 bello
1148 2251 1181 2297 et

147 2326 304 2390 Parthiam
322 2330 361 2389 ad
376 2329 556 2414 obsequium
576 2328 646 2389 red·
687 2327 861 2405 magnum,
894 2333 1034 2414 copiose,
1067 2336 1181 2416 stum.

150 2446 265 2492 actam.
298 2432 452 2493 Memorat
467 2447 569 2493 autem
586 2452 645 2505 rea,
688 2444 753 2490 tem
790 2431 881 2508 (nam
908 2435 992 2515 stuic
1024 2459 1180 2518 mugnus,

146 2556 209 2618 per
238 2555 313 2617 quas
345 2554 391 2594 ars
421 2533 584 2618 symbolice
609 2553 645 2594 ea
688 2532 820 2601 multus,
839 2533 967 2611 fluuius,
990 2534 1085 2610 arni-iic
1103 2542 1180 2624 iias:

149 2636 285 2698 reddere
305 2633 412 2716 poffit:
454 2656 591 2719 pugnam
615 2652 647 2696 et
689 2635 725 2696 ci.
746 2637 846 2696 Beml.
869 2638 908 2697 ad
922 2640 1060 2702 Homul
1082 2644 1180 2706 Sena.

148 2743 303 2800 victorem
321 2737 508 2821 Augustum,
542 2739 647 2796 Nilum
689 2757 720 2816 7,
737 2739 799 2817 28),
821 2739 927 2798 Nilum
942 2761 1056 2824 magno
1075 2744 1182 2826 spiritu

153 2859 188 2904 et
216 2858 377 2922 tropaeum
408 2843 570 2901 columnae
599 2861 649 2900 ro·
691 2859 814 2897 amnem
853 2842 1003 2921 appellat,
1053 2863 1183 2928 propter

150 2943 272 3008 stratae.
315 2946 462 3025 Quaeras,
490 2942 648 3025 quomodo
690 2961 818 3021 magnos
858 2959 1017 3023 apparatus
1054 2945 1181 3011 bellicos

150 3047 437 3128 vrberetreliqua?
463 3047 593 3117 Scilicet,
618 3060 650 3104 vt
691 3043 728 3102 ab
744 3046 880 3104 Antonio
903 3048 936 3104 in
955 3048 1098 3131 Aegypto
1120 3051 1182 3111 fac.

148 3153 188 3211 in
204 3151 304 3208 numia
318 3150 456 3208 videmus
474 3151 649 3228 prouincias
690 3160 755 3215 tos;
776 3162 809 3204 vt
829 3148 961 3226 populos
985 3164 1036 3208 aut
1054 3155 1182 3231 prouin.

151 3249 299 3312 muliebri
340 3251 438 3311 iorma
480 3249 647 3330 supplices,
691 3253 751 3309 cias
773 3247 857 3306 bello
879 3264 1039 3310 tumentes
1064 3252 1181 3327 dicunt,

149 3356 333 3416 Armeniam
364 3349 507 3411 maestam
542 3352 648 3411 seden—
691 3372 760 3410 cum
775 3350 1035 3412 animosebellum
1053 3372 1182 3439 parant3

151 3472 222 3518 tem
250 3459 329 3515 inter
358 3475 459 3523 arma,
503 3453 649 3514 Parthum
689 3469 722 3513 vt
744 3456 873 3514 omnino
895 3451 1052 3535 superbia,
1095 3456 1182 3536 fastu,

151 3578 254 3619 vnum
274 3558 321 3617 vel
343 3559 406 3617 duo
429 3557 468 3615 ad
488 3571 649 3635 tropaeum
693 3571 818 3614 tumere
853 3556 995 3616 dicuntur
1032 3556 1183 3625 hominen.

148 3658 295 3723 sedentes
322 3657 462 3718 manibus
491 3655 560 3738 post
591 3672 652 3717 ter·
694 3659 789 3740 Quod
805 3680 874 3720 curn
890 3658 1072 3721 adfluuium
1087 3678 1184 3726 trana-

152 3781 234 3845 gum
268 3763 422 3820 reuinctis.
484 3757 651 3842 Augustum
694 3761 804 3833 fertur,
830 3762 985 3843 praeclare
1005 3763 1056 3825 ille
1075 3763 1184 3826 fluctus
1263 3789 1270 3797 ·

154 3878 264 3924 autem
298 3883 356 3942 per
392 3862 566 3945 Quirinum
600 3862 653 3923 d'e·
694 3862 819 3922 voluere
825 3905 837 3936 ‚
880 3884 973 3948 aquas
1007 3885 1120 3950 augere
1153 3882 1186 3928 et

152 3963 310 4047 lignatum
325 3963 436 4038 videri,
457 3965 583 4025 obuium
602 3961 652 4024 est.
695 3968 837 4042 incitare,
870 3966 954 4028 bello
983 3968 1098 4029 vadare
1125 3967 1185 4028 dici

152 4067 273 4129 Melius
285 4065 356 4138 hoc,
373 4090 464 4151 quam
481 4069 654 4152 Quirinum
695 4066 805 4150 potest.
850 4071 921 4131 Fert
954 4070 1037 4129 idem
1069 4073 1185 4152 patrius

151 4191 220 4254 pro
236 4170 356 4252 populo
370 4173 510 4253 Quirini,
541 4171 655 4232 Roma·
696 4173 804 4237 sermo.
853 4175 922 4236 Hoc
937 4170 1061 4246 melina,
1092 4192 1185 4255 quam
