2700 4906
178 628 1028 696 -WOOOOOOW—O—

267 860 917 1023 PRAEFATIO

121 1077 546 1163 sternunt
596 1079 1039 1163 nnrrronrs
1149 1181 1155 1201 ,

411 1268 731 1302 —aewww-·-

70 1390 368 1521 subiiciendum
383 1464 486 1513 nunc
506 1436 556 1512 est
572 1444 717 1539 paucis,
744 1440 834 1541 quid
849 1445 889 1514 in
909 1467 1009 1516 noua
1025 1439 1099 1514 hac

10 1674 12 1685 Ι
70 1570 227 1648 editione
253 1571 396 1674 assequi
420 1573 610 1647 voluerim.
669 1580 794 1650 Primo
817 1578 969 1677 quidem
991 1573 1095 1666 illud,

67 1707 160 1804 quod
183 1713 226 1780 in
248 1713 379 1808 priore
403 1705 634 1808 propositum
659 1728 756 1799 erat,
804 1708 960 1782 infixum
980 1709 1096 1781 habui

63 1846 198 1933 animo,
231 1860 270 1915 vt
291 1847 353 1933 iis,
388 1848 453 1943 qui
477 1842 650 1942 exemplo
675 1841 799 1915 bonae
824 1846 1095 1941 interpretatio-

62 1980 109 2048 nis
129 1973 239 2049 domi
264 1973 569 2065 destituerentur,
597 1974 783 2053 traderem
798 1982 838 2049 in
852 2002 983 2049 manus
1002 1999 1094 2075 poe·

60 2126 128 2179 tem
166 2113 382 2210 principem
421 2134 466 2185 ea
504 2109 824 2186 animaduerfione
863 2108 1090 2201 instructum,

61 2269 145 2341 qua,
190 2240 403 2317 fistudium
426 2241 662 2335 adhiberent,
705 2243 789 2345 ipsi,
834 2226 895 2319 vel
917 2242 993 2318 fine
1013 2270 1090 2337 mas

61 2375 180 2474 gistro,
207 2380 402 2476 ingenium
422 2375 581 2477 fingere,
608 2379 878 2479 interpretandi·
891 2399 1009 2453 artem
1026 2379 1091 2451 ad-

61 2511 212 2602 discere,
239 2530 280 2585 et
298 2510 499 2583 multarum
522 2516 739 2605 notionum,
765 2511 842 2588 fine
865 2513 999 2612 quibus
1016 2538 1089 2588 nec

60 2644 115 2716 alii
134 2643 330 2744 scriptores
349 2663 453 2719 recte
476 2646 549 2744 legi
570 2645 736 2746 possunt,
772 2652 920 2748 copiam
941 2644 1007 2720 fibi
1024 2672 1089 2746 pa-

60 2803 135 2852 rare
156 2776 317 2879 pollent.
377 2781 473 2852 Cum
494 2806 608 2880 porro
628 2781 747 2855 multo
767 2807 892 2856 rerum
911 2778 971 2852 vsu
992 2780 1086 2852 didi-

59 2911 193 3004 cillem,
245 2912 338 2985 nihil
359 2911 542 2988 difficilius
563 2911 635 2988 esse
653 2920 694 2987 in
720 2914 955 3015 scriptoribus
974 2911 1086 2988 clasii·

57 3052 120 3138 cis,
156 3049 327 3147 inprimis
351 3051 492 3146 poetis,
518 3047 823 3147 interpretandis,
859 3073 1085 3148 quamtum

49 3182 160 3279 sensu
179 3185 451 3281 grammatico
475 3187 729 3254 coniunctum
745 3185 912 3253 retinere
922 3180 1083 3279 sensum

55 3322 270 3414 poeticum
305 3333 362 3405 et,
390 3314 480 3386 dum
496 3314 671 3397 sermonis
695 3321 970 3416 proprietatem,
1001 3341 1083 3390 ora·

57 3453 159 3522 tionis
183 3448 412 3525 retexendae
435 3470 473 3523 et
505 3449 554 3522 ad
580 3449 743 3549 logicum
773 3451 943 3525 ordinem
974 3477 1084 3525 reuo-

59 3585 191 3660 candae
211 3604 350 3675 artem,
399 3584 596 3684 multoque
622 3587 757 3684 magis,
795 3584 886 3657 dum
915 3589 1081 3660 criticam

61 3717 284 3798 subtilitatem
310 3717 492 3819 sequeris,
529 3716 671 3809 videre,
720 3718 816 3818 quid
842 3744 890 3793 ex
908 3725 1081 3820 poeticae

63 3861 217 3932 orationis
235 3858 357 3958 genio
370 3872 483 3952 poeta
498 3852 647 3944 dixerit,
672 3853 839 3957 quidque
852 3853 1082 3953 phantasma·

64 3991 98 4060 tis
128 3998 265 4092 poetici
303 3991 405 4063 ratio
439 3989 602 4064 obiicere
629 3992 708 4062 eius
739 3993 863 4061 animo
891 3988 1080 4061 debuerit:

65 4142 153 4225 nunc,
184 4135 327 4209 minus
354 4149 467 4226 quam
485 4143 611 4220 antea,
657 4129 791 4215 criticis
816 4122 879 4203 seu
902 4147 1082 4225 grenuna·
