2700 4906
151 285 254 375 550'
348 301 676 378 ⁷P.V1RG1L11
709 301 981 394 Minoum

153 493 286 583 Cocyti
304 505 464 580 metuet,
508 507 705 589 tortosque
727 490 866 561 Ixionis
897 493 1036 591 anguis

151 629 422 725 Inmanemque
441 641 579 714 rotam,
610 640 648 696 et
666 648 747 696 non
771 621 1037 722 exsuperabile
1062 620 1192 696 taxum.

33 865 37 872 Ι
152 763 298 834 Interea
323 757 518 851 Dryadum
545 757 652 831 siluas
677 753 861 857 saltusque
898 753 1108 857 sequamur
1152 765 1194 840 io

222 935 255 988 38
270 935 403 1005 Cocytum
418 934 514 987 Monet.
531 930 593 995 [ρας
620 932 654 985 ab
677 931 770 985 eodem
791 949 854 984 mox
875 952 932 1004 que
952 931 1038 987 abest·
1087 935 1193 987 Ixionis

155 1020 237 1074 orbes
256 1020 408 1080 Romanum
452 1017 526 1091 quod
550 1034 704 1090 perpetuum
735 1017 785 1071 hac
813 1016 843 1068 in
868 1036 913 1080 τος
954 1019 1051 1090 itaque
1075 1017 1192 1091 Spendut

154 1105 296 1174 Polymnii
316 1101 541 1172 Diat.xv1,189
563 1120 587 1157 et
611 1104 676 1156 alius
692 1104 740 1161 Vir
762 1100 873 1161 doctus.
902 1102 937 1154 do
958 1122 1015 1175 quo
1038 1104 1094 1156 inm
1112 1105 1192 1157 Burin.

154 1190 273 1247 monuit,
301 1188 328 1239 in
343 1186 417 1240 Misc.
437 1187 510 1241 obit.
527 1190 588 1241 Vol.
603 1191 623 1249 l,
645 1208 671 1259 p·
687 1191 738 1257 269
750 1203 777 1240 et
792 1189 850 1256 390.
874 1186 936 1240 Vol.
952 1190 1002 1250 ΙΙΙ,
1022 1208 1052 1261 p.
1068 1191 1120 1260 309
1146 1185 1192 1239 tul·

155 1289 230 1344 gatae
249 1271 423 1342 praeferebat,
464 1274 583 1343 inprimit
611 1289 763 1346 propterea,
808 1272 882 1344 quod
910 1274 1001 1328 nullut
1022 1274 1191 1346 unguibutiu

153 1358 252 1412 Ixionis
273 1355 399 1426 supplicio
412 1358 487 1411 locus
503 1356 548 1412 est.
584 1362 618 1412 At
631 1359 682 1410 vid.
698 1357 764 1412 Not.
781 1373 807 1410 et
821 1357 857 1411 ibi
873 1359 949 1412 Seru.
970 1360 1046 1414 cons.
1063 1358 1188 1414 Schndtt.

121 1447 125 1452 ’
156 1443 190 1496 ad
204 1439 341 1494 Musaeum
359 1462 385 1513 p.
405 1446 465 1497 286.
508 1446 540 1496 In
562 1443 653 1496 iisdem
677 1442 748 1496 Obil·
770 1462 832 1496 cum
857 1444 1015 1497 Marklandi
1038 1447 1188 1502 coniectum.

154 1529 270 1579 intonit
298 1545 380 1587 axes,
423 1543 480 1580 tum
504 1529 599 1588 Bataui
622 1527 752 1588 Editorit,
784 1531 900 1582 Ixionis
920 1546 1003 1583 artus
1024 1531 1068 1584 uel
1092 1549 1190 1602 unguet

155 1611 297 1685 proposita.
342 1613 440 1664 Omnia
462 1632 606 1686 perperam.
656 1633 726 1666 axes
753 1614 832 1667 etiam
858 1615 985 1670 Dauifiue
1013 1616 1053 1669 nd
1080 1616 1136 1672 cic.
1162 1613 1190 1669 dt

154 1697 192 1766 N.
213 1698 248 1750 D.
263 1699 297 1758 11,
319 1707 353 1766 4²
378 1699 550 1753 coniectabat.
619 1710 653 1768 4ο
670 1701 824 1770 sequemur
844 1698 897 1753 Eri.

156 1833 198 1894 lia
236 1836 429 1917 omninoque
471 1834 654 1895 discordiam
695 1833 824 1894 babiliua
840 1833 885 1906 lit,
910 1855 948 1894 ex
963 1849 1065 1915 poeta
1079 1837 1188 1897 Graeco

158 1940 274 1997 ciuium
296 1939 356 1996 iam
378 1937 470 2016 plane
492 1941 654 1997 coercitam
696 1952 857 2017 acceptum
880 1936 1009 1997 habuit:
1040 1935 1188 2021 ingeniose

157 2036 235 2113 elle,
255 2036 420 2121 symbolice
433 2041 554 2117 innuit3
575 2054 607 2098 vt
621 2044 654 2098 in
694 2061 752 2121 pro
767 2039 894 2099 vinculis
916 2059 1040 2122 angues
1060 2040 1187 2100 innexuit

158 2137 246 2202 finili
269 2134 414 2221 ¹imagine
450 2138 654 2200 Claudentnr
695 2144 804 2202 lxioni.
875 2140 983 2222 Vulgo
1021 2138 1188 2222 fimpliciter

82 2246 90 2267 ⁶
157 2241 237 2300 belli
249 2255 383 2322 portae,
402 2240 509 2299 Furor
533 2244 655 2322 impius
696 2246 814 2305 vincula
840 2257 872 2304 et
894 2262 994 2303 nexus
1020 2261 1187 2305 memoran-

157 2347 248 2402 t'ntus
271 2327 385 2401 'Saeua
404 2341 530 2418 sedens
548 2344 656 2425 super
696 2363 759 2407 tur:
806 2347 868 2406 vid.
902 2323 1058 2424 Apollon.
1093 2342 1185 2406 ithai

158 2465 255 2503 arma
277 2460 333 2503 etc.
385 2447 463 2506 Aen.
487 2445 512 2517 1,
535 2448 597 2525 293
611 2446 652 2528 sq.
695 2449 749 2520 111,
777 2452 826 2512 62.
891 2447 962 2507 Alia
983 2449 1060 2509 loen
1080 2448 1138 2507 vid.
1158 2451 1186 2504 iu

158 2562 304 2606 metuere
325 2547 495 2629 Cocytum,
539 2548 652 2607 Ixionis
694 2552 778 2610 Misc.
794 2546 878 2609 Obll.
892 2550 967 2608 Vot
983 2550 1009 2621 l,
1032 2572 1107 2634 pag.
1124 2552 1184 2626 269.

154 2665 189 2710 -et
205 2646 323 2732 Sisyphi
342 2647 539 2729 supplicium,
568 2648 652 2707 Inui-
694 2654 765 2713 Vol.
781 2653 835 2724 ΙΙΙ,
859 2652 1046 2736 p.512sqq.
1091 2651 1185 2713 Indul-

157 2754 207 2813 dia
230 2752 340 2811 dicitur
364 2767 489 2823 ornate,
524 2754 652 2831 quaein
691 2752 756 2814 fille
785 2752 838 2813 fibi
871 2770 982 2833 poetas
1017 2760 1055 2815 In
1081 2755 1183 2815 Ixionis

155 2856 286 2914 Tartaro
307 2853 457 2926 versatur,
493 2848 565 2911 acsi
583 2849 651 2911 ista·
691 2871 758 2915 rota
793 2856 968 2930 volueuda,
1019 2857 1182 2917 videbimus

63 2983 67 2989 ⁴
155 2977 225 3015 rum
251 2975 353 3014 rerum
385 2955 508 3035 aspectu
537 2970 650 3013 terrea·
690 2958 745 3018 inf.
768 2957 827 3018 Ge.
850 2957 911 3030 IV,
934 2965 1011 3038 484.
1069 2963 1181 3020 Sauum

158 3073 224 3134 tur;
272 3072 305 3116 vt
332 3057 403 3116 alias
444 3056 580 3115 horrere
614 3077 650 3114 ac
690 3055 807 3140 Sisyphi
827 3065 947 3132 notari,
980 3062 1113 3123 obuium
1127 3057 1179 3137 est;

157 3161 277 3218 terreri
305 3159 417 3218 dicitur
440 3180 498 3238 pro
522 3157 650 3239 fimplici
690 3161 775 3242 quod
791 3162 984 3240 exsuperari
1007 3186 1078 3226 non
1091 3160 1179 3246 potest

155 3260 279 3321 videre.
325 3260 487 3338 seuerus,
538 3280 649 3341 perpe·
691 3262 854 3336 hactenus,
887 3271 1041 3344 quoniam
1058 3269 1097 3327 ad
1112 3267 1178 3326 sum·

155 3379 240 3423 tuum
260 3384 362 3423 rerum
380 3363 569 3422 infernarum
583 3366 649 3442 epi·
690 3386 775 3436 mum
796 3371 910 3425 montis
932 3373 1084 3430 verticem
1106 3389 1178 3431 emo·

59 3535 67 3552 .
155 3462 281 3535 theton,
325 3481 359 3527 vt
386 3461 490 3538 tristis,
530 3464 646 3524 saeuus.
689 3471 754 3525 veri
772 3480 803 3525 et
818 3468 928 3526 adduci
952 3482 1075 3553 nequit.
1112 3470 1177 3537 tiu

155 3568 206 3631 38.
229 3583 334 3627 tortos
360 3569 487 3625 Ixionis
510 3588 647 3645 angues,
690 3563 808 3651 ἀναιδής
839 3568 944 3652 Οᾱ)·ΙῘ.
970 3575 1003 3642 λ,
1021 3578 1100 3654 597,
1130 3577 1176 3630 im-

156 3670 285 3753 quibus,
319 3689 378 3750 pro
400 3671 543 3744 vinculis,
577 3671 647 3730 reli·
689 3669 815 3751 probus,
833 3675 955 3752 ingens,
975 3680 1032 3755 qui
1047 3675 1176 3756 pondere

154 3788 242 3856 gatus
270 3769 313 3831 est
342 3771 381 3831 ud
406 3787 523 3846 rotam,
546 3769 646 3851 ,post-
688 3773 742 3833 sno
779 3788 885 3855 vrget,
924 3793 984 3833 nec
1010 3775 1175 3838 submoueri

153 3887 255 3957 quam
268 3875 386 3933 illicitos
407 3874 534 3935 Iunonis
565 3878 644 3953 peti-
685 3871 803 3956 potest,
827 3877 970 3958 adeoque
987 3888 1101 3959 grauis.

152 3981 196 4037 vit
219 3976 384 4057 amplexus.
440 3977 487 4036 Ita
516 3992 546 4036 et
573 3977 644 4036 Ser·
740 3986 791 4056 4ο.
822 3977 945 4040 Interea
967 3997 1173 4063 argumentum

151 4085 226 4141 vius.
283 4079 355 4139 Sine
383 4095 477 4159 poeta
498 4077 558 4139 hoc
579 4079 643 4159 ipse
684 4077 714 4139 se
755 4078 840 4139 suum
882 4083 922 4143 de
972 4100 1171 4146 armentorum

152 4185 354 4266 excogitauit,
375 4179 448 4259 siue,
471 4182 555 4267 quod
570 4203 644 4266 pro·
685 4202 758 4243 curn
772 4183 1036 4269 prosequuturum
1054 4184 1113 4250 elle
1126 4188 1169 4245 uit-
