2692 4914
22 274 26 281 .
260 335 329 411 132
440 331 524 404 ³1³.
544 325 793 404 VIRGILII
823 324 1082 401 MARONIS

256 521 334 601 Sub
355 515 591 620 pedibusque
615 511 716 587 videt
742 512 861 588 nubes
883 531 921 588 et
943 509 1059 586 sidera
1081 501 1265 606 Daphnis.

258 661 357 756 Ergo
379 655 509 730 alacris
539 646 646 723 filuas
668 665 707 721 et
727 665 853 723 cetera
883 671 970 720 rura
992 645 1163 741 voluptas

258 792 438 891 Panaque
463 781 704 888 pastoresque
728 799 834 875 tenet
858 779 1105 880 Dryadasque
1133 773 1290 873 puellus.

259 930 340 1000 Nec
362 924 471 1023 lupus
495 918 640 994 infidias
660 920 807 1016 pecori,
857 940 930 990 nec
954 912 1047 988 retid
1067 913 1188 986 ceruis
1238 910 1291 980 60

260 1059 344 1137 Vlla
377 1056 507 1132 dolum
535 1053 779 1129 meditantur:
827 1068 926 1123 emat
955 1047 1085 1152 bonus·
1112 1049 1190 1119 otia
1212 1044 1292 1116 Da·

771 1276 773 1280 ,
872 1179 994 1279 phnis.

257 1314 328 1419 Ipsi
346 1316 487 1391 laetitia
503 1339 615 1391 voces
639 1313 689 1386 ad
710 1309 827 1387 [idera
844 1316 984 1387 iactant

257 1448 396 1524 Intonll
419 1467 584 1539 montet3
617 1445 716 1549 ipfae
738 1450 814 1520 iam
835 1447 1000 1520 carmina
1020 1464 1145 1542 rupes,

259 1644 355 1716 sicque
385 1642 475 1699 Gilun.
503 1659 529 1699 et
555 1643 660 1697 Cantor.
686 1655 713 1695 et
737 1639 797 1714 post
820 1639 880 1693 illos
906 1636 1026 1692 Klottiut
1056 1633 1153 1709 Opusc.
1180 1650 1207 1705 p.
1227 1629 1289 1686 30¹.

257 1748 364 1782 nomen
380 1729 486 1801 Menag.
507 1728 587 1802 prior.
662 1727 697 1782 58
716 1741 743 1779 et
764 1741 857 1779 cetera
876 1743 952 1776 rura.
1003 1722 1092 1791 Quum
1119 1721 1172 1773 vim
1195 1733 1292 1771 cetera

258 1813 288 1868 h.
308 1813 326 1866 l.
352 1811 463 1875 habeat,
493 1832 548 1868 uon
572 1813 656 1868 rideo.
711 1813 793 1866 Erant
824 1826 913 1866 tamen
938 1807 1053 1880 epitheto
1085 1821 1153 1878 quoe
1183 1801 1294 1873 adiungi

258 1914 396 1972 poterunt:
435 1898 542 1969 florea.
583 1897 706 1969 roscida.
754 1894 836 1950 Nunc
855 1894 946 1954 video,
985 1893 1063 1944 etlam
1088 1893 1127 1943 Io.
1152 1888 1290 1943 Schrader.

258 1984 329 2038 coni.
350 1983 527 2056 secretaque.
552 1983 721 2054 securaque.
771 1982 876 2035 Poterat
895 1996 1001 2053 quoque
1028 1975 1101 2029 lcn'bi
1119 1974 1231 2045 siluas.
1265 1986 1294 2025 et

255 2087 352 2139 agros,
370 2083 397 2121 et
410 2086 484 2120 rura.
553 2069 587 2136 59
603 2065 882 2138 pastoresquesrmul
894 2067 1001 2136 Mentg.
1018 2061 1091 2116 alter.
1125 2060 1291 2114 videtVen.

244 2142 390 2224 “Dryades
403 2153 487 2205 Rom.
502 2167 528 2206 ot
540 2151 613 2205 Leid.
681 2153 713 2206 61
732 2155 837 2206 malam
856 2151 900 2205 dii
921 2149 993 2222 opud
1006 2150 1073 2202 Pier.
1088 2162 1114 2199 et
1126 2146 1217 2199 Heinl.
1240 2163 1290 2216 pro

257 2236 366 2291 dolum.
402 2235 554 2290 meditatur
575 2237 680 2307 Meneg.
696 2255 735 2308 pr.
813 2241 846 2292 62
866 2239 994 2289 laetitiae
1010 2251 1097 2286 vocer
1116 2228 1228 2285 Manet.
1250 2246 1291 2300 pn

257 2329 369 2377 iactant
381 2326 432 2378 vel
444 2326 549 2377 tollunt
564 2321 610 2375 ml.
622 2321 714 2375 Koler.
783 2324 817 2378 63
830 2323 908 2394 ipsae
928 2336 955 2375 et
974 2327 1033 2374 iam
1045 2319 1124 2372 Rom.

255 2487 413 2555 tamquam
429 2493 516 2536 nouo
528 2479 647 2535 numini
664 2493 751 2555 egre·
791 2475 933 2536 declarat.
995 2469 1042 2533 Ab
1089 2467 1147 2528 hac
1181 2470 1290 2549 itaque

255 2571 302 2644 sti,
312 2596 348 2635 ea
359 2579 463 2634 omnia
477 2574 660 2651 tribuuntur,
669 2599 748 2661 quae
791 2580 1035 2640 enuntiationem
1045 2587 1205 2631 mutuatur
1212 2589 1292 2651 poe·

255 2672 319 2738 flue
349 2675 479 2738 deorum
505 2677 579 2738 olim
607 2684 749 2741 interris
791 2695 831 2740 ta.
852 2681 893 2739 Et
904 2676 991 2740 vida
1001 2673 1230 2736 omniumadeo
1240 2693 1289 2731 re·

172 2825 176 2832 .
254 2774 442 2866 praesentiae
457 2778 749 2855 tribuebantur,fiue
789 2802 859 2842 rum
872 2795 1001 2839 neutrae
1016 2798 1053 2836 eu
1067 2778 1185 2836 laetitia
1202 2795 1290 2833 corn·

155 2871 162 2878 ’
256 2880 385 2941 deorum
395 2878 563 2941 honoribus
576 2880 688 2942 institui
703 2880 750 2942 so·
789 2886 889 2944 munit
905 2878 964 2941 elle
980 2882 1116 2961 ponitur.
1145 2877 1288 2936 Ductum

254 2981 380 3052 lebant3
407 2979 522 3042 summa
536 2981 647 3044 scilicet
662 2984 750 3044 leeti·
790 3000 893 3046 autem
907 3004 944 3043 ex
956 2980 1088 3042 Theocr.
1100 2981 1219 3054 XXIV,
1232 2983 1286 3058 84.

256 3088 298 3145 tia
321 3088 416 3145 etiam
435 3085 570 3145 ferarum
595 3100 628 3146 et
646 3105 748 3145 rerum
790 3090 831 3152 85
846 3086 976 3157 videtur,
999 3081 1061 3155 vbi,
1081 3083 1215 3142 Hercule
1235 3086 1286 3142 in·

255 3190 491 3246 inanimatamm
506 3187 641 3263 58-64.
671 3186 748 3247 Inde
789 3206 836 3250 ter
850 3190 924 3250 deos
938 3201 1076 3265 recepto,
1104 3185 1196 3265 lupus
1215 3204 1284 3245 nou

254 3287 370 3348 lacrum
385 3306 522 3346 annuum
543 3290 573 3346 ei
591 3284 749 3350 instituen·
791 3292 919 3371 amplius
948 3285 1104 3346 infidiatur
1138 3286 1283 3348 hinnulo.

254 3387 328 3448 dum
341 3403 443 3464 narrat
459 3389 593 3451 65-80.
627 3388 748 3448 Candi-
790 3393 840 3455 63.
860 3387 982 3465 Intorfi
998 3403 1126 3448 montes
1146 3389 1217 3450 sunt
1235 3386 1287 3450 fil-

253 3489 326 3563 dus,
350 3488 530 3571 splendent,
551 3493 684 3564 micans,
712 3507 746 3551 vt
787 3490 860 3566 voli,
875 3491 1025 3564 incaedui‚
1039 3507 1071 3551 vt
1080 3493 1170 3550 Seru.
1191 3492 1287 3552 Paul·

251 3588 340 3651 fidur.
355 3591 392 3650 cf.
407 3590 516 3652 Cerdo.
534 3591 633 3653 Locus
642 3608 745 3653 nutem
785 3596 818 3658 lo
831 3597 918 3657 aliter
928 3594 1041 3672 tonsae
1050 3594 1155 3653 valles
1163 3595 1283 3679 Georg.

249 3691 344 3775 longe
367 3690 557 3755 dulciss'rruue.
600 3695 744 3758 58.a1a·
785 3698 841 3768 lv,
858 3719 917 3780 ²77
955 3697 1023 3757 lunt
1045 3718 1120 3778 quas
1144 3699 1284 3779 pecudes

249 3799 314 3854 eris
340 3801 419 3857 ratio
447 3802 571 3877 poetica
591 3818 663 3858 cunr
686 3819 742 3857 vo·
784 3802 932 3875 tondent,
965 3799 1141 3880 depascunt.
1182 3801 1283 3877 ,tonsa

247 3899 356 3979 luptas
369 3903 455 3982 iungi
470 3900 570 3961 docet.
601 3903 651 3963 61.
667 3901 741 3962 Non
781 3904 898 3962 ltrrmus
941 3903 1034 3962 Ouid.
1085 3903 1176 3963 Rem.
1220 3922 1283 3983 192

245 3998 357 4060 scilicet
377 4001 427 4062 illa
447 3999 589 4064 filnannn
606 4017 638 4062 et
652 4022 740 4085 agro·
781 4006 903 4066 desecto
932 4008 1070 4087 gramine
1099 4006 1149 4065 vel
1169 4005 1279 4067 foeno.

245 4122 313 4161 rum
333 4104 447 4166 laetitia
461 4104 520 4167 elle
538 4119 661 4186 poterat
675 4104 739 4168 fine
780 4109 853 4168 Non
877 4128 937 4169 vno
963 4112 1068 4191 itaque
1094 4107 1192 4168 modo
1216 4105 1279 4168 hoc

245 4202 417 4268 securitate:
439 4227 557 4292 -quum
584 4230 643 4291 per
668 4211 739 4269 otia
780 4209 898 4273 dicitur.
951 4209 1071 4293 Quibus
1097 4206 1169 4292 ipfis
1199 4228 1277 4271 con-
