2692 4914
120 383 124 391 ,
237 308 310 382 280
419 292 1056 376 'P.vttt‹}1-L11MARON18

240 494 517 587 Terrarumque
539 484 627 559 velis
648 510 791 575 euram,
829 499 867 556 et
888 499 926 556 te
947 508 1144 557 maxumus
1163 487 1264 573 orbis

241 632 443 700 Auctorem
463 617 611 719 frugum
640 616 973 719 tempestatumque
1001 635 1195 716 potentem

241 756 429 856 Adcipiat,
463 737 613 855 cingens
636 770 803 826 materna
827 768 998 850 tempora
1025 769 1163 844 myrto;

248 930 251 935 '
320 921 355 975 26
374 932 402 971 te
423 932 450 971 et
472 935 507 969 m.
533 916 639 988 Menag.
659 935 699 989 pr.
777 930 811 982 27
821 910 944 985 frugum
975 913 1055 986 eaelt·
1074 927 1221 984 terraeque
1236 936 1268 984 p.

244 1004 328 1066 Goth.
344 1003 393 1066 sec.
415 1021 483 1058 am.
506 1020 543 1076 pr.
626 1003 661 1056 28
678 1003 809 1072 Accipiet
827 995 901 1051 voit
950 998 1053 1052 Durum
1079 996 1140 1051 effer
1161 999 1272 1071 iungere

245 1158 334 1225 gere,
376 1134 540 1198 moderari.
590 1137 737 1216 ,Scilicet
777 1134 836 1191 liur
851 1131 877 1204 1,
892 1131 954 1211 393
984 1151 1021 1192 ex
1038 1129 1068 1191 h.
1083 1131 1105 1192 l.
1150 1135 1273 1211 Caesar

244 1254 340 1324 poeta
360 1257 490 1319 pergere
510 1233 650 1311 volebat,
683 1256 737 1295 vr·
778 1253 867 1291 nune
912 1234 1024 1303 terris,
1065 1231 1139 1314 Post
1177 1237 1271 1296 caelo

246 1342 344 1401 besue
377 1338 518 1417 inuisere
557 1352 591 1397 et
631 1351 737 1397 terras
778 1336 941 1394 maximus
960 1344 1094 1408 atteror,
1114 1355 1269 1420 regnator.

247 1460 374 1503 curare.
395 1437 455 1500 hoc
470 1440 653 1500 inuerteudo
670 1461 737 1498 mu·
780 1439 841 1495 iem
860 1433 993 1497 debebat
1013 1435 1116 1520 sequi,
1139 1454 1171 1498 te
1182 1442 1272 1498 cirre·

247 1546 335 1616 tuuit,
358 1541 482 1601 velisne
501 1560 615 1600 crrram
634 1555 739 1600 terra-
781 1552 852 1598 tum
865 1553 1018 1597 matema
1026 1552 1172 1621 tempora
1185 1563 1273 1622 myr-

250 1665 332 1705 tum.
401 1638 452 1703 Est
490 1659 593 1709 autem
636 1642 737 1717 velle,
781 1654 838 1710 to,·
877 1659 962 1700 nunc
986 1641 1069 1701 idem
1093 1641 1180 1700 orbis
1203 1647 1274 1702 ein-

248 1749 357 1819 etiam,
401 1742 570 1825 praeferre,
610 1741 675 1804 fere
708 1758 740 1802 rt
778 1761 862 1818 gens
877 1757 1026 1821 tempora
1038 1759 1144 1824 myrto
1159 1745 1271 1820 dictur,

248 1839 595 1927 Ηοωετοβοὸλεσθαι·
615 1839 742 1926 βούλομ’
781 1841 892 1903 scilicet
922 1863 1037 1931 corona
1063 1861 1178 1930 myrtea
1201 1856 1275 1909 orto

250 1941 310 2023 dre)
326 1941 402 2010 λαδν
421 1940 489 2010 σόον
511 1947 655 2024 ἔμμεναι,
681 1963 740 2028 pro
783 1943 1083 2028 aVenereAugusto,
1097 1968 1181 2008 nouo
1197 1949 1272 2023 deo,

249 2042 397 2131 βούλομαι
426 2045 561 2125 rebitet,
582 2048 740 2127 praefero.
781 2044 931 2127 impofita.
966 2049 1160 2132 Magnificum
1171 2050 1276 2131 phau·

250 2149 337 2209 Bene
376 2162 479 2209 autem
516 2147 631 2226 Caesar
659 2153 741 2209 inter
783 2147 893 2208 tafiua!
914 2151 974 2210 Fae
989 2152 1137 2214 revidere
1151 2152 1275 2215 Orbem

251 2250 328 2311 deos
342 2248 462 2310 vrbium
482 2265 514 2311 et
527 2266 676 2312 terrarum
692 2267 740 2311 tu·
782 2251 947 2312 Terrarum
959 2250 1093 2335 Augusto
1113 2251 1202 2316 stanti
1219 2277 1275 2318 co-

252 2352 363 2413 telares
392 2351 499 2412 referri
526 2355 646 2431 potuit:
696 2358 741 2413 vti
782 2371 892 2412 ronam
924 2369 1073 2437 myrteam
1109 2360 1275 2438 imponen-

252 2454 296 2515 dii
316 2452 385 2514 funt
405 2451 571 2534 τολωῦχοι.
623 2456 742 2516 Notan·
784 2467 864 2533 tem;
898 2471 950 2514 aut
970 2455 1135 2539 Augustum
1155 2465 1189 2520 iu
1208 2482 1276 2521 me·

252 2556 379 2616 (lavero
396 2560 484 2634 copia
499 2541 656 2630 orationis,
669 2579 740 2640 qua,
784 2554 836 2616 dio
856 2561 937 2616 iuter
954 2558 1091 2641 Cybelen
1111 2575 1142 2622 et
1155 2563 1277 2644 Neptu·

251 2657 415 2738 splendore
430 2677 499 2716 cum
512 2655 639 2732 summo,
660 2660 743 2719 idem
783 2676 860 2718 num
882 2654 1011 2719 stantem
1028 2676 1060 2721 et
1082 2661 1120 2722 ab
1142 2680 1277 2748 vtroquo

250 2763 342 2819 toties
367 2755 472 2819 effert:
515 2759 639 2820 velisne
665 2761 744 2821 deus
786 2779 901 2818 corono
929 2777 1045 2844 myrtea
1075 2772 1276 2830 coronatum!

252 2860 324 2940 effe.
367 2861 512 2921 Ceterum
537 2861 575 2921 cf.
590 2861 704 2926 Lucan.
718 2864 743 2938 1,
788 2880 838 2940 27.
862 2851 1105 2943 tempestatum,
1145 2871 1276 2931 nonde

219 3008 220 3011 η
250 2966 293 3040 45
302 2960 369 3043 sqq.
391 2963 502 3021 etStat.
511 2960 610 3023 Theb.
618 2963 643 3036 1,
654 2964 741 3049 a4sq.
782 2963 924 3043 procellis
953 2967 1184 3046 accipiendum,
1223 2970 1277 3032 sed

253 3066 304 3125 26.
314 3066 478 3121 maximus
491 3063 588 3137 orbis,
608 3064 660 3126 seu
675 3087 743 3128 cae-
783 3063 823 3123 de
846 3065 922 3125 caeli
943 3070 1082 3151 aerisque
1098 3077 1278 3133 mutationi-

249 3163 313 3221 lum
321 3205 332 3234 ,
356 3162 423 3234 seu,
447 3165 532 3246 quod
545 3171 644 3228 verius
658 3186 742 3229 nunc
784 3165 840 3225 bus
856 3182 887 3227 et
897 3173 970 3228 anni
985 3171 1183 3250 temporibus,
1200 3181 1275 3258 qur'a

250 3261 311 3322 effe
326 3260 466 3336 arbitror,
487 3264 569 3325 orbis
584 3285 741 3334 terrarum.
784 3287 854 3326 cum
876 3269 1012 3351 frugibus
1027 3273 1079 3333 itta
1099 3279 1185 3358 iungi
1205 3297 1275 3337 mos

250 3365 414 3421 maximus
427 3384 485 3443 pro
503 3386 650 3450 magnus,
679 3373 740 3432 vid.
783 3365 834 3429 est.
886 3371 1087 3453 tempestates
1114 3398 1172 3456 pro
1196 3392 1276 3439 tem-

248 3464 352 3522 Burm.
368 3465 450 3524 adv
472 3467 539 3546 187.
576 3474 740 3552 accipiat:
781 3453 909 3552 poribus
924 3471 987 3535 [iue
1006 3473 1102 3550 statis,
1129 3475 1191 3540 fiue
1207 3486 1278 3564 qui-

248 3562 361 3627 habeat
375 3581 564 3638 auctorem,
597 3573 738 3633 modera·
781 3571 960 3656 buscunque
983 3576 1047 3635 aliis
1069 3579 1119 3640 vel
1140 3583 1276 3645 Lucretii

247 3681 347 3726 torem
363 3685 533 3747 prouentus
548 3692 690 3754 agrorum
705 3691 737 3735 et
779 3676 920 3755 exemplo
945 3676 1193 3756 benedicuntur,
1221 3685 1275 3746 vbi

246 3766 473 3850 tempestatum,
501 3771 642 3856 adeoque
657 3791 737 3838 tute·
778 3778 818 3837 ad
843 3783 916 3838 anni
932 3781 1070 3863 caelique
1091 3791 1274 3865 temperiem

244 3869 558 3953 lamagricolutionis3
578 3892 736 3940 artetoret
777 3885 916 3963 aerisque
938 3887 1160 3959 mutationem,
1188 3885 1273 3968 queo

151 4043 155 4052 ⁴
241 3987 359 4052 potens
374 3973 413 4032 ad
428 3974 558 4034 eandem
572 3983 735 4041 notionem
777 4003 846 4041 cum
880 3980 950 4064 ipsu
977 3991 1124 4065 temporis
1152 3988 1273 4052 vicibus

245 4073 396 4169 spectant;
423 4094 506 4148 nem,
527 4099 580 4160 qur
571 4078 732 4164 largrtur
772 4083 915 4158 succedit,
929 4087 1094 4170 resprcrtur
1133 4092 1184 4156 28
1200 4111 1274 4152 ma-

245 4176 269 4234 'rr
283 4174 375 4240 habet
387 4181 423 4240 iu
436 4175 604 4263 potestate3
629 4185 731 4255 Mani·
771 4201 869 4250 terna
880 4205 1006 4273 myrto,
1033 4189 1151 4268 Veneri
1168 4194 1268 4271 sacro,
