2692 4914
163 304 216 365 tv
479 277 873 389 PRAEFATIO

162 466 351 562 [XXIX
406 468 562 564 excusa
606 469 709 565 esset
721 542 735 589 ,
804 476 970 566 iterum
1012 502 1205 599 operam

161 667 315 728 meam
352 638 395 728 ei
421 637 716 732 commodaui
749 641 799 731 in
834 637 1034 732 editione
1061 637 1204 747 altera

162 806 292 896 annis
315 807 564 897 LXXXVII
572 809 698 898 -IX
720 803 922 938 vulgata,
960 827 1007 898 et
1027 803 1205 932 aliquot

162 972 292 1061 amris
318 970 476 1098 postea
502 971 703 1064 Londini
736 975 949 1100 repetita3
997 1004 1105 1065 cum
1133 975 1205 1062 in-

49 1234 52 1240 ,
160 1159 286 1230 terea
323 1133 454 1263 prelo
487 1141 682 1265 repetita
724 1135 828 1230 esset
869 1137 1008 1231 editio
1049 1141 1205 1231 minor

159 1302 447 1397 emendatior
474 1335 513 1396 a.
534 1309 778 1398 LXXXIX.
839 1301 1013 1398 Iudicia
1042 1335 1204 1433 exper-

158 1493 233 1562 tus
255 1467 353 1562 sum
376 1471 580 1564 virorum
601 1469 844 1563 doctorum
863 1492 959 1563 tam
980 1469 1201 1588 liberalia,

156 1659 206 1732 vt
228 1668 284 1728 ea
306 1631 401 1763 ipsa
420 1634 534 1727 mihi
554 1634 646 1731 hoc
670 1659 891 1762 tanquam
908 1652 1025 1731 onus
1048 1640 1201 1767 impo-

156 1833 266 1895 nere
302 1800 583 1918 viderentur,
641 1824 712 1917 vt,
760 1825 985 1928 quantum
1009 1799 1199 1931 possem,

47 2014 51 2021 ¹
154 1967 352 2062 studium
395 1971 445 2058 in
493 1966 780 2060 emendanda
828 1991 874 2062 et
917 1968 1199 2096 perficienda

156 2166 299 2262 opera
336 2165 441 2226 mea
487 2133 773 2228 collocarem.
856 2139 1014 2262 anue
1056 2139 1106 2228 in
1145 2170 1198 2232 re

41 2272 46 2279 Ι
152 2320 281 2411 tanto
302 2300 549 2431 religiosius
574 2301 688 2392 mihi
707 2296 975 2395 versandum
1001 2296 1085 2423 esse
1106 2337 1197 2431 pu·

151 2464 269 2582 t'aui,
309 2489 480 2593 quanto
502 2466 664 2560 melius
686 2463 779 2594 ipse
802 2470 985 2598 cognita
1009 2500 1063 2561 ao
1088 2502 1196 2596 per-

152 2631 303 2761 specta
332 2633 551 2725 haberem
582 2665 660 2747 ea,
713 2635 910 2759 quaein
942 2631 1020 2723 illa
1049 2667 1194 2762 opera

150 2831 255 2893 mea
294 2823 373 2892 aut
411 2798 704 2893 desideranda
743 2792 898 2913 essent,
946 2823 1026 2892 aut
1053 2783 1192 2896 aliter

150 2965 472 3062 constituenda.
535 2969 841 3091 Nequaquam
866 2966 988 3056 enirn
1010 2965 1069 3057 ad
1086 2971 1190 3062 Vir·

149 3133 308 3263 gilium
330 3165 456 3227 noua
475 3133 771 3225 annotatione
797 3129 1110 3226 instruendum
1131 3164 1190 3228 eo

149 3301 305 3392 animo
327 3323 372 3392 et
387 3298 570 3393 confilio
585 3293 862 3414 accesseram,
889 3297 1016 3424 quod
1029 3299 1189 3426 postea

150 3462 360 3592 sequutus
373 3463 480 3560 sum.
535 3471 657 3561 Nam
670 3497 789 3579 eum,
813 3485 919 3556 ante
936 3496 1081 3558 annos
1097 3465 1188 3585 hos¹

147 3631 243 3730 sere
260 3637 451 3748 XXXV,
480 3630 724 3746 alibrari0,
751 3626 917 3722 sollerti
934 3650 979 3724 et
993 3632 1186 3729 honesto

147 3802 267 3916 viro,
299 3822 605 3926 quaereretur,
648 3800 727 3925 qui
748 3796 994 3890 editionem
1007 3796 1187 3930 Virgilii

144 3970 267 4059 notis
295 3965 461 4060 selectis
490 3990 536 4061 et
565 3965 785 4092 excerptis
811 3966 1040 4094 nouisque
1064 3998 1186 4059 non-

98 4173 101 4178 *
146 4131 280 4226 nullis
304 4131 534 4260 adspersis,
576 4133 856 4249 instructam,
892 4134 1022 4228 cuius
1044 4165 1187 4264 gene·
