2692 4914
258 356 306 408 22
427 325 502 400 DE
532 322 797 397 Ι(ΙΑΒΜΙΝΕ
827 320 1127 398 eveo-mco

249 512 416 617 suscipit
422 541 436 598 ,·
492 508 564 605 nist
600 509 671 581 ille
707 514 752 581 in
791 525 1024 609 argumento
1063 512 1292 582 admodum

249 650 377 749 suaui
400 662 438 718 et
461 642 617 744 copioso
643 669 692 714 ac
704 644 858 736 florido
880 642 1054 740 versetur
1060 674 1075 731 ;
1095 644 1179 741 sed
1202 672 1292 718 coa·

261 786 383 855 vertit
413 780 508 877 fere
553 803 637 849 rem
668 780 711 847 in
749 778 896 850 drama
926 793 964 848 et
999 783 1044 849 in
1076 784 1292 860 actionem,

262 913 443 1018 ipsosque
483 908 659 1013 pastores
696 910 960 1011 colloquentes
1000 939 1051 983 ac
1084 933 1294 988 narrantes

262 1052 442 1129 inducit,
479 1063 524 1119 vt
547 1070 606 1118 res
629 1071 708 1116 non
732 1063 820 1117 tam
847 1050 1028 1125 narrari,
1073 1075 1197 1148 quam
1222 1077 1317 1150 po·¹

267 1189 345 1257 tius
374 1186 484 1284 geri,
530 1205 580 1252 ac
609 1180 764 1252 lectoris
792 1177 914 1250 oculis
941 1179 1110 1276 subiici,
1159 1200 1197 1254 et
1228 1184 1297 1258 ille
1335 1163 1337 1167 ι

268 1322 371 1390 inter
385 1314 512 1412 siluas
533 1339 688 1393 errare,
722 1317 765 1385 in
784 1312 927 1384 ‘umbra
945 1312 1098 1388 arboris
1119 1315 1297 1414 affidare,

269 1465 476 1524 cantantes
497 1449 641 1519 audire
650 1438 730 1542 sibi
750 1451 938 1520 videatur
944 1477 960 1533 ,·
995 1452 1106 1549 quod
1134 1479 1217 1522 non
1237 1458 1298 1524 ita

268 1584 566 1683 accipiendum,
617 1600 827 1682 tamquam
835 1578 875 1677 si
895 1609 1012 1654 omne
1038 1611 1200 1657 carmen
1223 1613 1299 1684 pa·

258 1714 416 1819 florale
436 1718 707 1789 dramaticum
728 1712 802 1812 else
824 1713 987 1796 debeat,
1020 1737 1064 1790 vt
1087 1744 1177 1791 cum
1201 1723 1299 1792 Fra-

166 1914 169 1923 ,
268 1852 453 1955 guerio*)
476 1852 676 1952 plerique,
726 1854 797 1949 qui
818 1850 895 1921 lioc
917 1853 969 1923 de
994 1858 1189 1933 carmine,
1228 1883 1299 1926 nu·

266 2009 341 2084 per
371 2010 544 2085 quoque,
589 1981 801 2081 scripsere,
858 1981 1102 2080 existimant,
1158 2016 1302 2064 verum

149 2088 153 2098 Ι
269 2121 369 2216 quia
390 2116 489 2188 haee
515 2121 620 2190 ratio
649 2134 797 2217 poetae
822 2115 982 2216 confilio
1007 2121 1103 2220 sere
1122 2132 1302 2201 maxime

272 2251 490 2351 respondet.

247 2578 253 2595 ·.
354 2516 453 2590 sinn
477 2543 528 2589 ac
546 2516 622 2592 loci
642 2521 897 2618 temporisque
918 2513 1158 2618 designatio,
1197 2548 1302 2620 quae

274 2650 459 2748 cuiusque
488 2656 673 2723 carmirussi
700 2670 935 2752 argumento
963 2659 1198 2735 conueniat,
1240 2661 1301 2728 ‘uti

268 2796 415 2879 poetae
442 2784 628 2886 ingeniose
654 2813 737 2857 non
764 2787 906 2886 infima
933 2787 1022 2860 laus
1047 2785 1121 2884 cst,
1157 2793 1222 2861 ita
1244 2792 1302 2863 ad

273 2918 471 2985 maiorem
503 2943 553 2992 en
586 2920 754 2993 lectione
777 2921 1030 3018 suauitatem
1060 2927 1303 3021 capiendam

272 3073 356 3121 non
379 3073 530 3147 parum
546 3052 665 3146 jacit.
734 3055 854 3130 Cuius
881 3060 987 3128 enim
1013 3061 1171 3130 animus
1200 3064 1304 3132 veris

273 3205 326 3252 ac
353 3184 473 3257 ruris,
516 3187 755 3282 pascuorum
784 3205 823 3261 et
857 3207 1145 3283 armentorum,
1175 3193 1303 3290 suarii

273 3311 536 3411 descriptione
563 3294 644 3388 non
674 3323 921 3395 vehementer
947 3325 1189 3407 delectatur,
1228 3344 1302 3400 aut

270 3448 359 3542 quis
378 3463 540 3518 cantum
553 3447 722 3547 pastoris
740 3483 821 3529 noa
839 3457 964 3529 multo
984 3464 1207 3559 gratiorem
1227 3457 1301 3558 effe

221 3553 226 3562 ’
260 3573 408 3674 sentit,
435 3577 563 3675 stille
568 3582 649 3681 sub
664 3586 762 3686 fagi
778 3590 942 3672 ambra,
969 3595 1027 3664 ad
1047 3596 1172 3665 riuuli
1194 3622 1300 3667 mur·

271 3733 385 3790 mur,
426 3720 470 3785 in
498 3718 612 3789 molli
637 3719 759 3792 herba
780 3729 881 3797 inter
900 3754 1069 3830 gregum
1087 3729 1301 3802 exultatio-

271 3866 357 3922 πω,
391 3846 539 3943 sedens
564 3857 647 3924 otio
669 3857 907 3959 indulgeat?

303 4050 530 4128 ⁹)Dffrtatlon
543 4060 599 4130 sar
617 4063 765 4135 l'Eclogue
806 4070 848 4121 les
875 4071 1028 4126 Memoi'res
1055 4071 1092 4126 de
1120 4068 1300 4125 I'Aeadmte

78 4153 324 4632 ιω
335 4141 392 4193 Mt.
402 4143 512 4209 ,lAbbi
520 4146 670 4219 Fragtticm
691 4150 765 4207 dam
807 4153 858 4208 det
871 4156 1002 4229 Inscript.
1022 4159 1056 4214 T·
1071 4159 1104 4222 fl,
1119 4176 1147 4230 p.
1164 4158 1222 4214 132.
