2692 4914
662 228 664 233 ⁴
778 214 796 247 N

143 322 213 398 126
364 322 406 401 P.
429 316 672 401 VIRGILII
701 320 959 399 MARONIS

143 509 292 586 Libauit
312 511 541 612 quadrupes,
570 535 642 586 nec
661 513 834 609 graminis
855 507 985 606 adtigit
1005 506 1178 581 herbam.

145 643 315 743 Daphni,
340 665 447 719 tuum
467 649 616 719 Poenos
641 648 753 718 etiam
772 638 985 742 ingemuiffe
1001 640 1134 715 leones

147 778 361 869 Interitum,
392 798 615 881 montesque
635 775 706 852 feri
729 773 918 878 siluaeque
936 774 1156 876 loquuntur.

146 943 193 996 ed
203 946 329 1014 flumine
352 964 436 1010 nota,
459 967 511 1002 nee
534 965 644 1000 amnem
662 944 781 1006 zulich..
807 962 863 996 non
885 942 982 996 infelici
1002 943 1178 996 aberratione:

150 1030 234 1086 modo
260 1032 382 1108 frigida
407 1053 461 1089 non
490 1034 663 1104 praecederet.
727 1029 768 1084 ad
792 1029 918 1099 flumina
947 1031 1028 1081 nulla
1056 1029 1180 1100 iungebat

149 1114 272 1185 Longob.
350 1122 384 1175 26
402 1118 553 1192 quadripes
574 1117 651 1172 codd.
673 1116 751 1170 etiem
771 1114 824 1167 hic.
855 1114 907 1166 vid.
934 1115 999 1167 Pier.
1080 1132 1112 1181 27
1134 1134 1181 1185 ge-

151 1200 250 1271 muiffo
270 1203 348 1256 Rom.
363 1204 448 1257 Pierii.
517 1207 550 1257 28
559 1204 651 1276 serae
666 1199 782 1254 Parthas.
803 1197 914 1253 Mentei.
926 1215 984 1252 tert.
1003 1216 1019 1252 e
1037 1217 1073 1251 m.
1088 1198 1137 1252 sec.
1155 1214 1182 1252 ot

150 1301 216 1336 vnue
230 1286 334 1348 Heins.‚
362 1307 415 1360 quo
434 1287 554 1342 alludunt
567 1290 673 1360 Menog.
693 1284 743 1341 sec.
763 1299 789 1338 et
809 1286 893 1344 Ven.,
932 1283 960 1334 io
986 1284 1080 1356 quibus
1096 1283 1177 1354 sere.

150 1369 285 1424 Hactenut
307 1371 373 1425 nihil
391 1371 508 1437 interest,
537 1373 579 1426 l'eu
592 1371 689 1442 fileae
699 1369 789 1444 serae
811 1367 854 1421 feu
885 1381 993 1420 montes
1009 1367 1077 1439 sert
1094 1368 1181 1420 dicen-

150 1467 203 1506 tur.
239 1471 346 1509 montet
354 1456 436 1530 fert.
464 1462 530 1514 loca
542 1459 615 1531 sem
627 1457 656 1510 h.
672 1455 771 1511 inculta
786 1469 812 1508 et
832 1452 892 1506 olibi
909 1469 1057 1506 occurrunt.
1094 1455 1183 1507 Merk-

151 1534 226 1590 land.
246 1539 402 1606 adstetll
422 1542 572 1604 Silu.6.13
603 1543 673 1596 coni.
700 1554 878 1610 montesque,
909 1537 1009 1608 seras,
1033 1537 1183 1609 filumque

153 1622 309 1690 loquuntur
330 1626 382 1680 scil.
402 1627 538 1689 hominen
576 1625 707 1700 ingeniose
728 1623 843 1698 quidem.
884 1623 983 1677 Verum
1000 1622 1053 1675 vid.
1069 1624 1182 1680 Notum.

150 1707 229 1767 {sum
250 1727 343 1782 parum
359 1712 465 1788 plicent
474 1712 564 1783 ferae
582 1714 650 1770 intet
668 1727 776 1768 montes
792 1725 818 1763 ot
828 1706 932 1780 selues.

154 1845 216 1919 111,
240 1852 289 1913 23.
310 1858 358 1930 24.
387 1852 508 1915 Nemes.
528 1852 573 1928 11,
599 1873 647 1932 29.
689 1848 753 1923 sus,
775 1848 926 1932 'adeoque
941 1861 972 1908 et
984 1804 1051 1908 ¹vox
1072 1847 1184 1910 tribui:

155 1947 308 2033 'Adeoque
338 1973 376 2013 ea
403 1954 490 2014 fuere
525 1952 650 2035 impasta
690 1949 1190 2032 ficint.621pfi1aeeieiavoees

60 2070 62 2073 ·
155 2070 216 2131 per
234 2053 377 2113 eosdiee.
416 2059 470 2117 es>
489 2056 652 2132 graminis
690 2051 740 2112 ed
758 2052 874 2129 fidere
906 2053 1034 2110 iaetaaet
1060 2052 1186 2127 Intonsi

36 2184 41 2189 ·
70 2167 72 2170 ’
157 2148 294 2209 herbam
321 2169 395 2234 puta
422 2153 471 2214 hic
498 2172 530 2217 et
555 2157 649 2218 Ouid.
691 2170 835 2222 montes3
851 2153 1187 2235 ipsaeiamearmina

157 2251 235 2312 Met.
250 2253 292 2325 X,
300 2255 350 2332 87.
364 2256 432 2317 Liu.
445 2256 471 2332 1,
482 2265 524 2336 24
539 2258 651 2322 dictem
692 2276 800 2337 rupes,
817 2257 892 2334 Ipsa
898 2257 1027 2333 sonant
1041 2257 1186 2335 arbusta.

157 2348 232 2425 effe,
252 2368 286 2415 vt
300 2355 396 2434 cytisi,
418 2359 490 2426 loti,
511 2357 650 2430 herbam.
692 2360 927 2437 ef.x,14.15.
969 2357 1032 2418 Sed
1054 2356 1104 2418 hic
1126 2355 1186 2419 est:

157 2473 273 2535 nempe
296 2477 364 2514 cum
384 2458 423 2520 de
443 2465 553 2523 virenti
582 2484 650 2545 ger·
692 2458 976 2535 moncesetfiluae
990 2475 1188 2528 memorant,

156 2558 245 2616 mino
284 2556 399 2625 fruticis
445 2567 650 2646 euiuectmque
691 2576 844 2630 narrant,
862 2563 973 2621 leones
986 2561 1186 2641 ingemuisse.

158 2660 277 2739 egitus3
307 2657 364 2720 nist
384 2677 462 2725 noto
488 2680 651 2746 poetarum
691 2667 772 2725 Nem
785 2685 843 2745 pro
858 2666 1012 2742 resonare
1025 2667 1124 2743 accipi
1142 2663 1190 2721 Io-

158 2779 247 2821 more
279 2781 337 2842 pro
368 2761 460 2826 herba
495 2773 651 2850 graminea
693 2769 751 2850 qui
772 2785 838 2826 non
858 2763 975 2846 potest,
1007 2783 1077 2824 cum
1098 2784 1189 2843 pree-

161 2860 276 2922 dictum
290 2864 395 2939 malis,
426 2889 494 2927 cum
513 2891 651 2949 gramen
692 2871 775 2931 teriti
791 2872 935 2947 temporis
955 2886 1023 2928 rem
1040 2859 1075 2929 ed
1097 2869 1190 2943 inge-

158 2963 267 3042 ipsem
289 2966 376 3025 inter
402 2968 519 3029 herbae
536 2973 651 3051 vulga·
693 2969 806 3050 miezffe
825 2969 948 3029 indicet.
1005 2967 1115 3050 Itaque
1143 2968 1189 3029 di·

160 3061 651 3155 ciffunumfitsPlin.XX1V,19.
694 3076 808 3136 condus
827 3069 870 3133 est
889 3085 984 3152 poeta
1003 3070 1111 3150 paullo
1132 3069 1190 3130 du·

215 3168 266 3228 28.
296 3185 488 3254 montesque
504 3178 577 3254 feri
594 3175 653 3251 stl-
692 3165 953 3255 rius'express'dse
981 3172 1066 3232 idem
1100 3171 1188 3245 illud,

160 3284 292 3348 vaeque
308 3271 494 3353 loquuntur.
536 3279 652 3339 Monti-
693 3279 780 3363 quod
806 3291 878 3337 ente
906 3274 1044 3348 dixerat:
1082 3274 1192 3334 coruli

160 3364 266 3427 bueet
278 3366 357 3433 fituis
371 3395 481 3435 vocem
496 3375 569 3450 dari,
585 3378 651 3439 setis
693 3378 786 3458 testes
804 3393 837 3437 et
848 3375 996 3457 flumina
1008 3374 1191 3458 Nymphis:

159 3482 271 3528 notum
287 3469 345 3544 est;
371 3491 403 3536 et
422 3475 444 3538 fi
465 3480 652 3557 ingemuiffe
691 3478 796 3543 fisunt
810 3476 915 3552 testes,
934 3474 1191 3550 fimeminerunt,

160 3585 289 3631 montet
318 3572 490 3659 filumque
526 3577 651 3656 dixiffet,
692 3586 892 3645 nuncetiam
918 3595 1046 3641 narrent
1073 3578 1191 3639 audite.

161 3686 216 3731 out
231 3678 336 3753 queri,
350 3693 402 3741 eut
416 3679 517 3762 loqui,
532 3681 653 3758 eodem,
693 3688 817 3746 Leones
838 3683 944 3764 Afros
974 3678 1128 3763 pastorem
1155 3685 1193 3743 in

161 3794 231 3833 cum
248 3772 314 3848 isto,
336 3777 432 3850 sensu,
456 3796 488 3840 vt
503 3788 536 3842 in
554 3804 654 3846 exem·
695 3788 795 3848 Sicilia
812 3790 980 3848 extinctum
1000 3781 1118 3845 deflere
1140 3785 1191 3842 vix

160 3875 220 3956 plis
235 3898 253 3936 a
266 3879 442 3943 Burmanno
457 3882 522 3946 fieri
546 3887 654 3966 depre-
694 3903 787 3968 poete
809 3888 892 3948 credi
917 3887 1033 3956 voluit;
1070 3883 1125 3946 sed
1146 3879 1192 3946 est

160 3975 298 4054 hendes,
332 3998 363 4042 et
384 3988 417 4044 in
437 3985 543 4047 Bionis
566 3989 652 4071 ldyll.
695 3987 857 4069 epitheton
885 4007 1019 4066 ornans3
1054 4001 1089 4048 vt
1116 4007 1191 4047 mox

159 4079 185 4154 1,
200 4085 260 4157 32,
279 4082 356 4145 nihil
369 4083 557 4149 offenderet:
578 4090 654 4153 solet
694 4089 876 4151 Armeniae
905 4092 1005 4167 tigres
1034 4105 1066 4150 et
1099 4087 1192 4168 supra

162 4189 248 4246 enim
269 4185 366 4250 rebus
388 4191 564 4254 metuatis
585 4191 653 4256 sen·
695 4189 843 4277 Cydonia
873 4192 982 4262 mala,
1036 4189 1191 4253 Sithonia
