2692 4914
250 308 386 364 xxxvr
588 283 973 363 PRAEFATIO
1074 272 1078 279 ¹

252 507 428 599 gumenta
451 487 598 566 artificis
622 514 737 592 opera
766 490 967 585 incideret,
1013 516 1111 596 qune
1139 494 1218 566 iam
1247 498 1288 567 in

253 626 479 708 editionibus
504 651 573 727 per
592 626 773 727 Knapton
800 645 839 702 et
857 627 1027 724 Sandby,
1064 627 1173 728 Edge
1191 631 1289 703 Pine

87 741 89 746 V
113 777 120 825 -'
251 786 293 844 et
313 756 572 840 Henr.1ustioe
593 764 728 877 curatis
744 758 925 862 prostant,
950 762 1132 863 pleraque
1151 787 1289 861 parum

93 874 118 939 ⁴⁸
252 919 317 976 aut
339 895 432 972 nihil
450 893 499 967 ad
518 893 713 996 Virgilium
737 894 912 972 facientia
919 924 931 988 ;
976 893 1043 969 nili
1066 894 1174 997 quod
1196 920 1289 1011 ocu·

250 1039 309 1113 los
333 1033 431 1109 sorte
449 1029 605 1128 legentis
625 1047 790 1105 teneant.
841 1030 1042 1107 Iucundius
1059 1028 1195 1132 auditu
1205 1028 1288 1122 suit,

253 1167 359 1273 quod
379 1165 547 1238 librarius
569 1168 727 1264 recepit,
773 1165 924 1241 chartae
942 1182 980 1241 et
1001 1162 1213 1263 litterarum
1236 1167 1289 1236 ni·

94 1356 98 1367 ·
253 1324 335 1378 tore
361 1299 397 1373 se
416 1301 584 1370 virorum
612 1297 898 1399 elegantiorum,
944 1301 1112 1399 inprimis
1141 1316 1289 1375 extero·

251 1463 355 1525 rum,
392 1436 488 1506 votis
518 1428 590 1506 elle
619 1430 699 1505 satin
730 1431 935 1525 facturum3
978 1458 1067 1505 nam
1092 1430 1287 1523 nostrates,

69 1550 81 1566 ”
117 1606 120 1613 1
253 1575 320 1673 qui
341 1568 481 1642 litteras
500 1584 642 1659 amant,
681 1565 730 1642 de
751 1573 906 1645 internis
927 1566 1112 1642 librorum
1135 1565 1288 1642 dOtiblss

253 1709 370 1807 magis
394 1701 538 1777 solliciti
562 1699 634 1776 elle
654 1698 785 1776 solent.

332 1842 430 1914 Cum
445 1840 487 1910 in
510 1840 637 1938 priore
653 1835 819 1912 editione
832 1837 1037 1914 lectionem
1049 1831 1289 1910 Heinsranam

254 2003 279 2052 a
309 1979 523 2048 Burmanno
558 1967 811 2044 constitutam·
832 1970 994 2046 reddere
1032 1965 1288 2059 decreuillem,

254 2108 349 2185 nihil
369 2125 514 2180 mutare
534 2105 744 2197 volueram,
787 2102 855 2179 nili
874 2110 916 2181 in
934 2101 1133 2180 manifestis
1157 2108 1289 2178 errori·

253 2244 343 2333 bus;
389 2245 430 2313 in
461 2237 725 2342 posterioribus
756 2258 883 2317 tamen
910 2238 1085 2315 Aeneidis
1106 2237 1213 2313 libris
1234 2244 1289 2312 in·

253 2374 468 2476 relligebam
487 2374 533 2448 ab
559 2397 606 2449 eo
628 2373 781 2449 consilio
797 2375 890 2452 mihi
912 2371 984 2453 elle
1004 2372 1288 2467 discedendum,

255 2538 344 2589 curn
370 2514 412 2583 in
453 2511 497 2583 iis
533 2511 844 2585 Burmannianarn
879 2509 1084 2588 editionem
1121 2507 1290 2584 viderem

254 2644 358 2722 haud
376 2641 457 2717 sads
479 2642 677 2719 emendate
703 2643 906 2747 expressam
928 2639 1018 2735 else;
1064 2646 1230 2718 maxime
1248 2647 1289 2717 in

255 2780 433 2880 scripturn
464 2773 528 2851 seu
557 2778 840 2878 orthographia,
884 2777 985 2854 sorte
1021 2776 1128 2878 quod
1163 2782 1289 2879 operio

255 2915 358 2991 aliud
393 2911 582 3012 exemplar
625 2912 888 2989 excudendum
932 2914 1110 2990 traditum
1152 2910 1288 2988 fuerat.

99 3045 102 3049 ’
254 3050 364 3128 Redii
381 3052 510 3148 itaque
532 3045 582 3119 nd
607 3045 863 3124 recensionem
884 3047 1132 3126 Heinsrannm.
1194 3052 1288 3126 Om-

255 3191 348 3261 nino
375 3201 519 3273 tamen,
566 3183 748 3284 quicquid
772 3181 836 3259 seu
862 3187 903 3259 in
928 3184 1109 3276 lectione,
1157 3181 1224 3259 seu
1248 3189 1289 3259 in

255 3317 559 3414 interpunctione
576 3321 736 3411 mutaui,
766 3321 808 3393 in
820 3322 908 3397 Var.
924 3323 1026 3394 Lect.
1040 3336 1173 3394 notare
1185 3288 1289 3394 lraud

256 3449 417 3550 neglexi.
468 3451 625 3542 Vemm,
655 3477 743 3526 cum
760 3450 873 3529 semel
893 3459 933 3529 in
954 3453 1029 3528 hoc
1047 3451 1181 3544 incidi,
1209 3477 1291 3527 om·

257 3589 350 3659 nino
375 3581 560 3683 quaedam
582 3611 627 3660 ea
647 3586 697 3666 de
717 3612 760 3666 re
781 3605 819 3667 vt
846 3593 1102 3691 interponam,
1143 3585 1289 3663 consul-

255 3735 338 3792 tum
363 3711 435 3792 elle
456 3717 614 3795 videtur.
1096 3729 1102 3739 ⁴

331 3887 456 3982 Quam
477 3887 620 3960 incerta
642 3903 680 3962 et
697 3885 841 3965 lubrica
862 3914 922 3965 res
943 3908 981 3966 et
1001 3885 1043 3965 sit
1067 3904 1106 3963 et
1127 3883 1203 3964 else
1224 3885 1288 3964 de·

254 4017 343 4095 beat
361 4017 559 4119 scripturae
577 4025 672 4095 ratio
693 4042 732 4098 et
750 4050 832 4100 mos
854 4030 894 4099 in
916 4030 1019 4100 omni
1044 4024 1189 4124 lingua,
1222 4049 1288 4098 ne·

226 4160 396 4254 ‘minem
425 4151 540 4256 sugit,
582 4160 649 4258 qui
675 4161 840 4232 animum
869 4158 917 4234 ad
942 4158 1037 4235 haec
1061 4158 1285 4247 aduerterit3
