2692 4914
261 333 614 412 ononercorr
643 318 965 428 rreum-...31
1070 297 1142 412 rer

90 521 162 594 An
188 516 281 592 deus
301 519 456 596 inmensi
478 530 603 598 venias
631 530 759 613 maris,
801 551 847 600 ac
870 542 933 597 tua
954 540 1091 598 nautae
1169 597 1176 607 ,

88 658 265 729 Numina
284 652 356 728 sola
377 656 519 747 colant,
555 658 622 731 tibi
638 656 768 732 seruiat
786 657 911 731 vltima
926 657 1059 746 Thule,
1085 655 1136 728 30

55 891 58 895 .
88 791 237 888 Teque
256 785 323 862 fibi
343 814 523 887 generum
537 792 676 885 Tethys
697 812 796 870 emat
815 791 987 866 omnibus
1007 788 1131 877 vttdis3

85 967 257 1040 Adcipiatr
295 974 410 1039 cingens
422 996 456 1008 ·-
470 986 558 1042 myrto
577 973 626 1024 An
649 970 718 1023 deus
736 960 852 1034 veniam·
883 971 929 1025 etsi
945 970 981 1025 fic
1000 968 1034 1021 ud
1054 965 1132 1022 marie

85 1053 240 1125 imperium
260 1068 358 1122 myrtea
378 1072 475 1106 corone
494 1055 609 1128 respectu
631 1056 740 1109 Venerit
763 1057 828 1109 bene
848 1055 992 1109 referretur.
1057 1065 1131 1122 2908

85 1156 145 1193 teta
164 1137 230 1190 duo.
265 1157 303 1189 art
318 1152 366 1191 tua
379 1138 462 1192 Goth.
479 1140 526 1193 sec.
595 1141 628 1194 30
637 1139 747 1210 seruiet
761 1142 844 1196 Geth.
861 1141 910 1195 sec.
951 1140 1059 1211 Thylae
1071 1138 1131 1190 Me·

83 1225 146 1278 dic.
191 1221 295 1294 Thyle,
321 1223 405 1293 isse,
436 1223 519 1278 Tttle
540 1223 598 1287 eliit
639 1240 665 1278 et
680 1244 743 1282 mox
760 1225 849 1284 vitiose
877 1228 986 1286 netis,
1017 1215 1129 1276 sollenni

82 1327 196 1369 errore,
217 1325 270 1378 quo
290 1311 371 1366 (dicer
387 1323 414 1362 et
427 1309 517 1374 Tniv'r
531 1324 717 1382 permutantur.
786 1314 817 1368 31
839 1329 973 1387 generum
986 1324 1013 1363 tc
1031 1308 1126 1381 Thetic

80 1403 119 1449 in
147 1411 175 1445 ο.
200 1390 285 1444 Goth.
305 1391 355 1449 sec.

79 1546 128 1607 nd
156 1563 249 1625 quem
269 1558 303 1603 et
318 1538 471 1604 Anchisen
493 1545 587 1609 Iulios
618 1550 723 1628 sola:
748 1553 905 1630 potentius
925 1567 992 1608 voc.
1015 1564 1119 1627 qutun,

77 1643 298 1733 genuussuum
322 1641 456 1706 retulisse
476 1632 588 1708 notum
627 1658 826 1734 praecipuum
842 1661 967 1709 numen.
998 1649 1050 1709 31.
1064 1647 1121 1703 Te-

78 1751 144 1813 est.
187 1748 248 1821 At,
268 1744 412 1828 quorsum
425 1753 516 1830 myrti
531 1748 587 1808 hu·
629 1777 692 1838 que
715 1753 782 1830 fibi
811 1770 968 1830 generum
1005 1745 1120 1824 Tethys

79 1859 136 1914 ius
155 1852 348 1910 mentionem
372 1845 422 1907 bic
441 1851 586 1910 iniectam
628 1872 716 1916 emat
737 1876 795 1936 pro
822 1853 955 1935 vulgari:
999 1862 1031 1909 et
1060 1865 1121 1905 vna

81 1950 251 2015 dicemus?
276 1947 433 2010 vtscilieet
446 1949 584 2034 Augusto
628 1980 664 2019 ex
684 1954 914 2017 oceanitidibus
936 1950 992 2012 tibi
1012 1945 1118 2010 nubat.

80 2079 103 2118 e
124 2055 237 2115 diuino
251 2050 398 2133 sangnine
413 2066 483 2112 orto
498 2053 584 2113 locus
626 2061 705 2133 Eos,
727 2063 780 2141 qui
793 2061 874 2117 inter
887 2056 962 2115 deoc
978 2052 1120 2130 adscripti

81 2165 174 2221 inter
193 2156 267 2216 deos
281 2153 411 2215 tributus
427 2169 514 2215 mmo
527 2159 586 2214 mi·
628 2161 735 2233 essent,
750 2158 864 2221 deabus
880 2160 964 2238 iungi
978 2155 1022 2215 ser
1037 2165 1120 2229 erem

81 2282 149 2326 nus
169 2258 378 2318 admittitionis
400 2255 520 2317 hebent.
626 2260 666 2324 fic
687 2261 833 2344 Hercules
853 2257 970 2321 Hebae.
1012 2253 1121 2334 Itaque

133 2361 393 2442 29-51Antu
414 2362 494 2418 inter
510 2359 586 2420 deos
626 2360 782 2447 Augusto,
822 2364 912 2421 meris
939 2358 1018 2430 deo,
1057 2372 1119 2415 vnn

82 2468 224 2526 marinos
245 2465 417 2543 recipieris,
458 2478 490 2521 et
519 2466 586 2544 qui-
626 2465 849 2550 Nympharum,
872 2462 1002 2524 siliarum
1017 2459 1118 2519 Ocea·

86 2569 164 2628 dem
184 2568 337 2646 princeps·
379 2571 513 2632 ventas,
538 2564 585 2622 su·
626 2573 660 2629 ni
675 2584 707 2628 et
721 2565 875 2649 Tethyos,
901 2563 1041 2637 debitur3
1067 2555 1121 2618 sed

86 2686 174 2728 turus
191 2665 236 2728 fis·
281 2665 394 2725 lterum
413 2669 499 2724 tenui
519 2685 587 2724 ver·
626 2673 727 2750 pretio
743 2664 902 2748 proposito
918 2680 950 2724 et
967 2663 1040 2723 dote
1061 2678 1121 2719 nu·

86 2771 134 2832 bo
148 2765 297 2829 substituit
311 2770 457 2827 ornatius.
502 2767 585 2824 Thu-
627 2785 750 2831 merdin·
800 2770 849 2826 Sic
868 2765 978 2826 Perseo
999 2761 1120 2822 Andro-

88 2876 146 2934 ten
168 2873 208 2931 ad
228 2866 342 2931 nostres
368 2868 476 2927 insulas
497 2868 585 2926 Sher,
626 2872 749 2932 medam
768 2866 961 2950 paciscuntur
977 2862 1118 2923 Promit-

88 2975 227 3035 landices
250 2991 267 3030 n
289 2970 497 3050 septentrione
522 2971 586 3028 Bri·
627 2988 765 3053 tuncque
778 2970 884 3049 super
904 2984 1041 3042 regnum
1060 2959 1119 3020 do·

91 3081 218 3136 tannine
248 3072 382 3134 obiectas
409 3071 585 3131 referendas
628 3075 695 3133 tale
711 3082 888 3155 parentes:
924 3067 1017 3126 Ouid.
1039 3064 1117 3124 Met.

89 3177 153 3240 csse
168 3196 252 3237 nunc
268 3174 334 3234 satis
350 3171 475 3235 constat.
515 3174 587 3231 Ser·
626 3177 681 3248 lv,
696 3181 768 3251 704.
811 3168 984 3231 Promiscue
1000 3170 1115 3238 eutem,

89 3285 165 3342 vire
185 3299 228 3338 en,
242 3277 353 3337 dicitur
373 3276 433 3335 deo
454 3277 585 3346 marino,
628 3299 677 3357 ap.
698 3276 869 3335 Homerum
888 3292 1031 3354 quoque,
1052 3287 1120 3328 ntu-

89 3396 245 3465 quntenus
277 3365 340 3436 eius
378 3381 519 3456 potentia
554 3391 586 3436 et
626 3399 720 3450 nera,
753 3373 841 3448 ἕδνα,
872 3373 1001 3435 heroum
1022 3390 1118 3443 aeno,

90 3479 231 3544 maiestas
262 3499 319 3559 per
355 3483 459 3539 omnin
491 3481 586 3536 marin
628 3495 661 3541 et
694 3493 856 3560 parentum
891 3492 1120 3557 nuptarumque

92 3584 233 3646 obtinet:
272 3580 465 3641 declarantur
493 3583 587 3638 marin
627 3582 743 3643 suntet
761 3579 949 3660 sponsorum.
991 3577 1058 3637 Alie
1079 3569 1123 3634 est

92 3708 152 3770 per
165 3683 286 3756 insulae,
303 3703 448 3766 nuncque
468 3702 525 3762 per
545 3681 589 3739 vl·
630 3686 842 3745 Romanorum
870 3685 1003 3741 coemtio
1032 3679 1123 3740 etin

92 3795 185 3850 timae
233 3800 391 3846 terrarum.
470 3784 591 3843 Scilicet
631 3807 757 3847 manum
779 3788 964 3847 conuentiot
999 3782 1123 3862 deque

82 3891 221 3978 seruire
249 3886 392 3947 dicuntur
415 3904 528 3968 poetae
551 3891 589 3959 ii,
632 3911 661 3948 v.
706 3889 921 3970 Cennegieter.
974 3878 1058 3947 Obsi.
1096 3878 1123 3939 Ι.

94 3993 403 4078 quibueimperetur.
446 3989 590 4051 Estadeo
635 3989 742 4062 e.1v,
762 3999 830 4068 ι,4.
872 3984 1124 4048 Eaverolocum

94 4099 182 4157 idem
201 4115 255 4165 ac,
290 4108 321 4153 et
344 4113 384 4153 en
407 4098 506 4154 omnis
530 4112 593 4151 mn·
635 4089 810 4153 nonhabet
830 4095 984 4172 inpoetn,
1014 4083 1127 4167 quide

96 4204 138 4260 ris
167 4200 331 4278 imperium
361 4195 517 4259 habiturus
548 4193 593 4259 fis.
638 4195 694 4260 diis
716 4199 796 4279 egit,
836 4192 977 4276 adeoque
1002 4183 1128 4272 mythici
