2692 4914
226 233 526 369 nvcomcr
549 293 667 369 net.
691 293 918 384 nte-255
1012 303 1090 379 223

45 485 110 557 Me
135 476 222 556 sine
242 476 317 553 solu
338 476 450 551 vides.
502 478 561 553 Ah
581 496 620 552 te
639 501 689 551 ne
710 477 849 578 frigora
869 479 1041 560 laedant!

45 616 105 691 nh
143 613 217 688 tibi
254 636 307 686 ne
347 629 493 687 teneras
529 613 665 712 glacies
705 610 807 687 secet.
830 613 956 714 aspera
987 616 1095 717 plan.

674 746 749 817 tas!

48 879 137 972 Ibo,
174 895 235 970 et,
270 877 485 956 Chalcidico
507 905 605 984 quae
626 878 707 952 sunt
727 877 817 951 mihi
841 879 993 954 conditu
1013 909 1094 957 ver-

59 1002 66 1012 ’
677 1008 717 1083 su
811 1021 812 1024 ’
1041 1017 1092 1091 fio

54 1146 253 1234 Carmina,
278 1140 433 1246 pastoris
453 1143 569 1220 Siculi
589 1141 815 1219 modulabor
836 1169 969 1223 auena.

53 1283 214 1353 Certum
234 1277 287 1353 est
306 1283 348 1384 in
367 1277 481 1371 filuis,
522 1283 619 1350 inter
643 1276 786 1377 spelaea
805 1279 970 1354 serarum

54 1413 172 1487 Malle
192 1416 274 1512 pati
294 1417 508 1514 tenerisque
528 1436 633 1486 meos
654 1412 821 1486 incidere
843 1438 991 1490 amores

54 1645 117 1679 nnn
136 1625 219 1680 licon
240 1640 343 1679 tuntum
363 1642 419 1677 non
435 1624 554 1687 credere,
575 1625 658 1678 modo
679 1642 713 1677 ne
730 1641 809 1696 cogar
827 1625 944 1691 credere;
971 1628 1034 1692 fine,
1057 1652 1092 1686 ne

55 1717 220 1768 inanimum
237 1714 378 1776 inducam,
394 1729 421 1767 vt
436 1729 537 1768 tuntum
559 1716 688 1786 cogitem
722 1728 783 1774 αυτ,
811 1731 863 1767 nec
879 1715 923 1786 stc
941 1719 1014 1770 milri
1035 1740 1093 1774 cre-

58 1805 126 1857 dere
144 1818 270 1865 rmum,
300 1803 328 1855 h.
348 1817 448 1857 tuntum
466 1821 522 1857 rem
540 1803 643 1856 credere
665 1821 714 1855 nec
739 1820 826 1871 cogar.
866 1806 907 1872 pri
929 1810 1031 1873 ydem
1053 1833 1094 1866 m.

58 1894 156 1950 στεύειν
174 1891 284 1948 τοιοῦτό
301 1915 338 1947 τι.
374 1891 475 1946 Trbull.
488 1894 533 1953 111.
548 1901 573 1960 4,
589 1895 623 1946 82
641 1892 690 1944 Ab
707 1911 759 1963 ego
782 1910 819 1944 no
832 1889 935 1963 poffim
952 1909 1034 1947 tauta
1047 1906 1093 1950 vt·

59 1982 128 2034 lere
144 1983 233 2033 mla.
279 1980 341 2035 noc
356 1981 459 2052 itaque,
491 1996 518 2034 vt
537 1982 575 2034 fu
596 1996 664 2043 erut,
703 1999 774 2033 nunc
794 1966 918 2048 praetuli,
951 2001 1094 2054 praeeunte

56 2071 124 2124 olim
137 2072 307 2123 Heumnno.
376 2079 410 2138 49
423 2073 453 2122 A
466 2069 536 2125 milri
551 2089 610 2122 nou
622 2068 756 2124 &Alcuin
772 2068 918 2122 Grammrt.
980 2073 1015 2127 50
1027 2075 1093 2127 Cal.

61 2159 175 2213 didiae
192 2156 305 2217 Medio,
332 2154 376 2210 led
394 2176 417 2209 v.
439 2158 527 2211 Heius.
562 2156 606 2214 Est
625 2163 735 2213 xatus.
811 2159 841 2212 51
857 2157 1017 2212 meditabor
1038 2163 1093 2218 duo

60 2266 108 2302 rer.
129 2266 191 2301 cun
211 2244 296 2302 Goth.
315 2264 355 2318 pr.
376 2261 403 2300 et
421 2248 563 2318 Lengnich.
613 2245 786 2300 moderabor
805 2245 908 2301 zulich.
963 2251 999 2305 53
1016 2260 1093 2308 tace·

63 2337 130 2390 dm
155 2332 230 2390 (iud

63 2503 127 2569 hist.
162 2505 221 2566 litt.
251 2504 382 2587 Aquilei.
417 2526 487 2589 pog.
514 2507 556 2569 55
598 2508 718 2568 rionem
748 2510 779 2567 ei
805 2506 891 2572 inisse
918 2512 1096 2593 probatum.

63 2628 178 2669 nouem
194 2606 342 2687 usquead
356 2604 393 2665 vs.
410 2613 452 2687 54
475 2609 557 2671 Galli
599 2608 662 2666 lum
692 2629 728 2668 eu
758 2631 890 2671 crrmmu
918 2610 1012 2674 sislulu
1044 2637 1095 2676 ca·

66 2708 123 2771 elle
139 2707 359 2769 contendebat.
598 2729 673 2770 nere
695 2708 829 2775 instituit.
884 2714 1016 2796 Egregie
1040 2737 1096 2776 au·

102 2816 153 2874 50.
185 2808 374 2868 Chalcidico
404 2810 496 2886 uersu
526 2808 556 2870 h.
600 2825 662 2870 tem
676 2813 780 2871 misere
796 2817 920 2871 cruciati
935 2821 1011 2873 etin
1027 2838 1096 2876 om·

65 2912 283 2995 Euphorionis,
304 2910 366 2971 fine
381 2910 474 2972 latine
489 2912 558 2971 red·
598 2932 653 2973 nes
670 2929 770 2991 partes
785 2920 863 2992 rupti
878 2921 972 2973 animi
985 2924 1095 2978 incon·

66 3016 137 3087 dito,
157 3013 221 3075 fine
237 3018 407 3074 imitatione
421 3010 557 3093 expresso
599 3011 707 3072 stantia
749 3018 935 3093 exprimitur.
1003 3018 1095 3079 Nunc

68 3115 132 3192 (hoc
153 3115 282 3199 quidem
304 3115 421 3175 Probus
442 3113 557 3173 firmat:
600 3119 682 3174 enim
703 3118 742 3176 52
765 3120 798 3174 in
819 3115 1012 3176 solitudinem
1034 3117 1098 3180 sese
1189 3139 1194 3153 ·

67 3215 271 3299 „Euphorion
285 3252 326 3263 —
345 3225 429 3277 cuius
446 3223 477 3276 in
492 3217 559 3277 scri·
600 3216 713 3276 abdere
737 3215 904 3287 conslituit;
948 3240 1020 3279 mox
1043 3241 1104 3295 νὴ

68 3318 168 3381 hendo
192 3320 330 3380 colorem
352 3318 493 3402 sequutus
515 3321 559 3377 vi·
598 3322 676 3392 nuri,
697 3340 780 3378 nunc
803 3325 907 3379 omnin
928 3317 981 3379 ista
995 3319 1096 3401 usper-

69 3421 153 3481 detur
177 3422 347 3499 Galluse),
383 3420 558 3503 etquidem
600 3437 699 3480 natur.
756 3425 806 3484 53.
832 3424 925 3502 pati,
955 3441 1097 3484 amores:

69 3524 101 3584 de
117 3524 264 3604 Apolline
282 3524 409 3606 Gryneo
433 3527 558 3604 eiusque
600 3524 621 3582 l.
638 3525 748 3583 durare
762 3539 793 3584 et
808 3529 922 3585 viuere.
960 3525 1011 3584 Sic
1020 3527 1099 3607 pati

69 3627 208 3687 oraculo:
244 3645 272 3683 v.
299 3624 363 3704 sup.
386 3623 507 3704 V1,72
529 3637 560 3682 et
601 3624 736 3685 obsolute
773 3623 913 3706 politum.
957 3627 1019 3686 vid.
1058 3630 1099 3689 nd

69 3727 132 3789 Ere
156 3728 196 3788 ad
218 3748 244 3788 e.
266 3727 286 3786 l.
330 3725 464 3805 Respicit
486 3723 517 3785 h.
540 3725 560 3783 l.
602 3725 716 3787 Lucan.
738 3727 784 3798 V,
814 3729 877 3790 313
914 3725 1004 3804 disee
1021 3729 1100 3804 stne

72 3830 249 3910 Quinctii,
273 3851 299 3901 1,
317 3833 370 3901 56,
391 3833 454 3910 qui,
476 3827 561 3910 quod
602 3832 704 3887 armis
718 3828 811 3908 poffe
823 3831 918 3908 pati,
949 3830 1097 3914 aliosque.

72 3929 244 3991 Chalcidico
261 3931 346 3991 versu
365 3933 562 3991 conditorum
603 3933 654 4007 54.
680 3932 824 4007 crescent
844 3931 944 3991 illae:
960 3934 1101 4011 ‘erasm

72 4038 233 4093 torminum
265 4037 457 4094 mentionem
490 4034 562 4091 sacit
604 4033 646 4089 tis
671 4032 818 4093 amores!
856 4031 916 4093 hoc
943 4054 1035 4107 vero,
1076 4029 1100 4094 fi

72 4133 168 4206 Maro,
189 4136 260 4197 inde
274 4138 392 4220 colligit
398 4178 409 4221 ἱ
437 4134 562 4219 Eupho-
604 4132 680 4218 quid
705 4120 805 4208 aliud}
846 4133 1015 4216 Virgilium
1037 4133 1099 4194 ele·

110 4235 243 4301 Tornl.
655 4233 712 4294 Bb
