2692 4914
63 343 65 351 .
162 318 238 412 590
308 286 311 291 ·
366 306 409 379 a.
435 301 682 397 v1aon11
710 300 977 380 Minonis

160 506 259 600 Ergo
285 501 382 569 inter
402 489 473 565 sele
496 486 646 591 paribus
672 512 899 563 concurrere
928 489 1019 565 telis

160 641 348 712 Romanas
369 632 467 703 acies
491 629 627 698 iterum
646 621 774 699 videre
787 623 972 726 Philippi;
1132 638 1198 726 490

203 820 277 898 489.
306 815 392 874 Haec
414 807 554 892 prodigia
580 807 657 870 inse-
699 812 783 870 tiam.
819 807 910 869 Ad
881 828 1025 869 virorum
1038 810 1199 873 doctorum

162 938 294 1010 quntum
323 912 383 978 elle
410 919 453 974 ait
480 912 595 972 bellurn
615 915 657 971 ci·
697 914 915 973 contentiones
927 911 1126 977 descendero
1139 935 1199 977 non

161 1028 241 1098 vila,
271 1021 389 1103 praelio
420 1016 459 1074 ad
481 1014 656 1096 Philippos,
698 1010 871 1095 poliemus,
900 1034 986 1097 quae
1002 1024 1140 1080 maxima
1157 1039 1200 1082 er·

162 1126 367 1193 Macedoniae
389 1119 543 1191 adiectae,
583 1117 658 1177 olim
698 1137 763 1177 ron
752 1114 945 1189 debentur,
975 1116 1126 1200 quod
1090 1144 1126 1185 τι
1147 1126 1200 1181 ita·

161 1229 331 1298 Thraciae,
363 1220 469 1281 vrbem
489 1213 656 1290 comraill'o,
698 1238 773 1276 rum
796 1237 865 1277 cum
882 1217 1003 1278 videre
1017 1223 1198 1307 iungebant,

160 1347 194 1395 et
216 1331 302 1388 Bruti
327 1321 478 1405 Caffiique
500 1341 578 1381 nece
600 1340 658 1380 no·
698 1340 766 1381 non
815 1324 935 1380 iterum
989 1342 1197 1384 concurrere.

158 1430 324 1495 bilitatum.
381 1428 507 1489 Poetica
535 1427 656 1484 ratione
698 1423 813 1484 Inserta
842 1420 886 1484 est
911 1443 1062 1505 nuperae
1089 1428 1199 1488 Roma·

162 1536 324 1616 Philippos
353 1530 426 1590 dicit
462 1523 566 1587 vidille
593 1526 658 1586 Ilo·
697 1547 758 1587 nae
787 1526 916 1586 editioni
944 1531 1046 1588 etiam
1078 1528 1140 1590 hoc
1163 1530 1197 1591 dc

161 1658 269 1701 manas
287 1640 367 1695 acies
391 1648 598 1694 concurrere,
625 1641 657 1687 et
697 1631 769 1693 loco
787 1633 844 1690 viri
860 1629 944 1689 docti
958 1629 1154 1712 disputati03
1170 1647 1198 1693 et

161 1743 288 1826 quidem
308 1739 428 1797 iterum
450 1749 656 1798 concarrere,
698 1732 759 1792 alia
786 1729 1002 1793 Holdtworthi
1038 1736 1097 1812 (in
1116 1736 1195 1814 οὐχ

160 1843 320 1907 Romanos
344 1840 471 1899 alterurn
495 1833 656 1916 praelium,
698 1856 786 1912 upon
814 1832 926 1912 Virga
953 1855 989 1915 p.
1017 1837 1086 1915 375
1113 1837 1193 1923 [(19.9

160 1945 231 2030 poll
245 1943 319 2003 illud
340 1946 372 2000 in
393 1944 494 2020 priore
512 1937 593 1997 bello
613 1939 655 1995 ci·
697 1943 752 2021 qui
784 1936 874 1997 binos
908 1933 1080 2020 Philippos
1115 1938 1193 2001 laissa

159 2048 213 2108 vili
242 2046 282 2105 ad
309 2041 481 2102 Pharsalum
504 2039 652 2110 habiturn,
696 2062 765 2100 cnm
779 2036 976 2114 oblernallet,
1000 2042 1133 2105 alteram
1151 2064 1193 2103 vr·

158 2153 242 2211 inter
265 2146 294 2206 se
322 2143 432 2205 fecille.
491 2143 560 2201 Nee
591 2139 655 2199 diis
696 2143 766 2203 bera
784 2143 823 2202 ad
837 2143 1052 2225 Strymonem,
1073 2147 1192 2207 alterata

151 2252 245 2334 fluit,
272 2247 365 2307 visum
383 2244 442 2316 cll,
469 2243 654 2320 indignam,
695 2267 761 2306 non
779 2247 874 2327 longe
894 2265 911 2301 a
930 2228 1191 2309 Pharsalo'l'hcl·

159 2357 310 2435 ianuum,
330 2368 400 2428 pro,
421 2351 457 2405 iia
475 2348 598 2426 placuit,
620 2349 653 2403 ia
695 2348 784 2408 saliae
808 2353 884 2407 circa
902 2346 1032 2410 Thebas
1054 2348 1188 2421 Phthiae,

160 2454 272 2518 eodem
298 2450 502 2510 Macedoniae
537 2469 651 2530 regno,
695 2466 998 2533 atramqueapoeta
1014 2450 1125 2534 respici
1138 2473 1188 2534 pu·

158 2559 249 2622 latius
271 2569 414 2633 accepto,
458 2552 503 2611 bis
524 2549 653 2633 stragem
696 2553 796 2636 tabat3
816 2557 891 2612 mira
904 2556 1029 2633 prorl'us
1044 2556 1187 2638 ambigui·

158 2655 458 2724 Romanorumsieri.
496 2656 654 2712 Emathia
696 2673 771 2728 tate,
804 2673 836 2716 et
849 2653 913 2714 lusu
928 2671 1019 2716 tanto
1036 2674 1186 2736 poetam·

158 2764 364 2827 Macedoniae
399 2754 441 2818 est
474 2778 563 2838 pars,
614 2757 653 2817 ad
695 2763 800 2842 digno·
850 2758 887 2818 ln
924 2758 1058 2840 Virgilio
1091 2777 1186 2819 tamen

158 2887 253 2952 qtram
274 2869 400 2946 proprie
422 2883 480 2922 nec
497 2859 652 2921 Pharsalus
694 2883 788 2923 nemo
809 2859 965 2934 haerebit,
1016 2869 1072 2945 qui
1100 2870 1186 2921 inter·

158 2991 218 3032 nec
232 2966 365 3048 Philippi
387 2966 493 3026 relerri
511 2960 652 3045 pollunt;
692 2970 898 3045 pretationem
916 2978 1002 3024 recte
1018 2965 1185 3026 instituerit.

159 3071 212 3133 led
230 3085 342 3152 poetae
356 3071 446 3127 latius
466 3089 504 3135 eo
524 3071 651 3128 nornine
693 3069 856 3141 Manilius,
891 3071 947 3149 qui
975 3064 1064 3126 hunc
1090 3070 1184 3129 locam

157 3179 250 3236 etiam
270 3193 328 3251 pro
344 3169 494 3230 Thellalia
517 3185 650 3228 utuntur.
692 3175 725 3229 in
740 3185 873 3230 extrema
892 3169 962 3228 libri
986 3175 1083 3250 primi
1105 3185 1184 3252 parte

153 3278 302 3336 Haemus
322 3294 410 3332 mons
432 3270 475 3331 est
488 3272 649 3345 Thraciae,
693 3289 765 3334 ante
782 3272 887 3334 oculos
902 3270 1030 3346 habuit,
1058 3274 1184 3334 eandem

157 3382 205 3437 cui
223 3379 344 3458 poetica
360 3379 480 3433 ratione
495 3375 564 3435 vrbs
580 3374 650 3434 Phi·
691 3379 844 3458 poeticam
858 3379 1014 3435 rationem
1035 3376 1184 3458 amplexus

154 3481 233 3560 lippi
263 3478 416 3538 subiacere
446 3476 505 3534 diei
538 3476 648 3556 potest.
690 3480 796 3560 paullo
818 3479 959 3538 licentius
981 3478 1110 3538 extulit:
1139 3476 1183 3536 ci·

150 3581 375 3662 ⁴Lucan.l,675
399 3581 548 3659 latosque
561 3581 650 3638 Hae·
691 3582 772 3640 viles
796 3583 896 3639 etiam
928 3594 1041 3639 moetas
1069 3598 1190 3657 cogaar

154 3687 200 3746 mi
236 3681 304 3763 sub
343 3704 424 3767 rupe
469 3680 647 3763 Philippos.
691 3699 792 3767 taque
805 3683 892 3742 bella
907 3683 1108 3764 Significant
1125 3684 1182 3761 (oo-

152 3788 216 3863 lx,
242 3808 300 3871 271
334 3786 505 3847 Emathios
525 3786 648 3868 Plailp-
689 3804 791 3848 metae
822 3782 884 3846 hue
921 3785 980 3843 alia
1023 3787 1181 3863 matema),

149 3911 211 3974 pos
252 3894 335 3951 dixit.
415 3891 529 3972 Magna
575 3912 647 3972 pars
688 3891 876 3969 neophita
906 3888 995 3948 aliar
1032 3885 1182 3948 incendia

150 3996 301 4056 Thraciae
329 3994 403 4053 olim
422 3994 645 4055 Macedonibus
688 3995 830 4054 anatadas
866 3989 1044 4066 διόὶίιιιιίι,
1088 4008 1182 4076 qam

148 4106 259 4186 paruit.
319 4097 395 4156 Satis
424 4097 514 4157 nobis
545 4098 645 4158 decla·
687 4120 760 4158 cnm
780 4095 918 4157 ducibus
933 4096 1052 4154 iza-aea
1072 4114 1181 4155 cruea-

148 4202 225 4265 ralle
259 4203 400 4264 videmur
432 4202 494 4262 loci
523 4201 644 4262 senten·
686 4205 729 4260 tis
740 4201 850 4263 Arma
864 4199 1057 4280 Philippeos
1074 4196 1180 4280 imple·
