2692 4914
265 320 341 399 266
594 317 950 394 PROOEMIVM

268 534 318 581 ac
340 509 572 580 Martinam.
644 507 700 578 Vc
726 521 861 577 autem
884 508 1084 602 poeticum
1104 521 1294 575 ornatum

265 627 409 699 horum
460 642 762 726 praeceptorum
799 623 1116 720 ⁴adolescentium
1167 624 1293 695 oculis

255 745 557 853 subiiceremus,
610 761 730 843 utque
768 743 814 813 id
849 767 940 812 cum
976 743 1119 838 fructu
1154 743 1291 841 steret,

266 892 339 938 nec
360 883 495 938 tamen
515 888 576 938 res
593 880 779 935 notarum
802 864 966 931 modum
989 862 1207 940 eoecederet,
1230 867 1293 932 ita

261 982 503 1085 pociffimum
535 1009 607 1055 nos
636 979 838 1082 effecturos
868 975 940 1076 effe
968 983 1222 1078 putauimus,
1252 979 1292 1075 fi

253 1103 499 1202 sententiam
532 1097 704 1202 pedestri
742 1104 924 1169 oratione
952 1093 1167 1195 eapreffam
1193 1097 1293 1195 sub·

262 1226 535 1322 iungeremus5
588 1221 698 1319 quod
730 1222 880 1316 quoties
913 1217 1076 1313 factum
1109 1217 1183 1314 est,
1233 1222 1292 1320 stc

253 1358 399 1412 autem
421 1338 588 1441 siugulis
612 1338 726 1414 locis,
780 1341 822 1406 in
854 1333 991 1434 quibus
1011 1362 1070 1408 res
1092 1334 1173 1408 no'n
1202 1338 1292 1436 ipsa

261 1462 307 1529 in
331 1458 466 1530 oculos
492 1460 676 1534 incurrit,
716 1453 980 1551 adolescentes
1002 1461 1170 1528 monitos
1191 1453 1292 1528 ueli-

260 1602 368 1655 mus,
399 1593 444 1648 uc
452 1579 654 1675 poeticam
669 1578 893 1644 orationem
913 1600 1003 1644 curn
1013 1574 1177 1671 solutae
1198 1603 1293 1647 ora-

258 1701 380 1772 tionis
405 1693 597 1792 formulis
623 1691 701 1764 illis
729 1709 976 1792 comparent,
1025 1710 1063 1764 et
1095 1696 1192 1764 inde
1225 1722 1290 1766 co·

257 1813 474 1918 gnoscant,
501 1812 601 1912 quid
619 1816 776 1883 notioni·
784 1809 1017 1910 fimquiciter
1037 1816 1079 1882 in
1096 1817 1201 1884 notis
1223 1841 1290 1886 ex·

253 1931 409 2036 preffae
430 1958 458 2003 a
479 1949 626 2031 poetae
645 1935 803 2031 ingenio
825 1947 863 2000 ec
886 1934 1002 2030 copia
1016 1929 1105 2026 fiue
1126 1937 1185 2006 ad
1197 1937 1289 2035 pul.

259 2054 499 2124 cricudinem
515 2048 604 2145 flue
626 2051 685 2120 ad
700 2050 950 2145 suauitatem
969 2056 1209 2153 omninoque
1231 2058 1290 2127 ad

256 2187 445 2243 ornatum
464 2163 670 2264 accefferit.
720 2172 787 2238 Ita
807 2169 967 2239 demum
986 2196 1050 2241 eos
1069 2173 1289 2244 intellectu·

255 2314 320 2362 ros
347 2285 418 2384 effe
435 2287 664 2386 speramus,
710 2311 792 2384 qua
818 2290 861 2356 in
891 2315 935 2359 re
958 2293 1145 2387 poeticae
1164 2297 1286 2392 inpri-

251 2412 407 2506 misque
440 2405 693 2505 Virgilianae
729 2408 921 2478 orationis
960 2408 1193 2507 pulcritudo
1235 2436 1286 2484 ac

171 2567 176 2573 ·
213 2565 216 2572 ,
249 2521 498 2626 praestamia
523 2524 755 2622 quaerenda
767 2521 884 2618 su.*)
1083 2518 1085 2523 ’

598 2643 646 2700 ψ
749 2651 791 2699 ψ
893 2645 940 2702 4

353 2723 418 2800 Ab
446 2722 524 2823 istis
546 2723 641 2797 inde
665 2731 801 2806 aunis,
842 2725 981 2827 quibus
1005 2725 1104 2799 haec
1126 2727 1285 2831 scripta

253 2861 392 2924 erant,
434 2848 584 2945 quocies
608 2850 827 2915 retractaui
850 2846 1047 2944 Georgica
1053 2897 1068 2944 ³.
1098 2875 1181 2919 non
1202 2857 1285 2950 qui·

256 2966 349 3039 dem
366 2964 543 3042 nullam,
573 2988 647 3034 nec
666 2980 802 3033 tamen
818 2969 1079 3062 praecipuam
1100 2966 1284 3066 aliquam

253 3109 418 3182 operam
448 3087 490 3154 in
519 3086 566 3153 iis
595 3079 838 3178 illustrandis
862 3083 1096 3181 posueram
1139 3092 1284 3188 quippe

253 3205 324 3298 qui
344 3206 497 3271 maiore
534 3225 624 3270 cum
657 3199 864 3299 ‘uoquuate
901 3219 939 3272 ec
971 3228 1115 3300 operae
1137 3206 1280 3302 fructu

254 3320 296 3387 in
318 3318 499 3389 Aeneide
519 3317 717 3413 versarem
764 3344 870 3389 nunc
894 3334 1050 3398 tamen,
1098 3328 1281 3421 quando·

253 3436 416 3533 quidem
437 3433 688 3532 nouiffimam
716 3437 839 3516 lianc,
880 3439 1019 3536 quoad
1049 3444 1152 3511 inter
1177 3469 1280 3514 mor·

254 3552 354 3624 tales
380 3552 585 3650 versabor,
628 3579 791 3651 operam
818 3555 989 3656 Virgilio
1023 3559 1279 3640 adlrlbebam,

228 3739 230 3742 .
255 3671 434 3766 consului
457 3688 495 3742 ec
513 3671 664 3769 inspexi
687 3671 827 3752 libros,
864 3681 934 3772 qui
953 3675 1058 3749 lusce
1077 3678 1129 3749 de
1151 3679 1277 3760 rebus,

252 3814 357 3889 quae
380 3795 422 3860 in
442 3793 686 3862 Maroniano
710 3796 885 3863 carmine
905 3815 1150 3868 memoratae
1162 3799 1276 3894 sunt,

200 3992 202 3997 Ι
246 3912 517 4007 praecipiunt;
566 3915 799 4009 comparaui
824 3900 981 4012 quoque
1000 3942 1069 3995 ea,
1102 3942 1207 4015 quae
1233 3920 1277 3987 in

251 4026 374 4107 illud,
423 4054 709 4128 nonnunquam
754 4054 845 4101 curn
895 4033 1134 4106 contumelia
1181 4041 1274 4114 mei,

236 4144 390 4246 scrlpm
402 4148 522 4246 sunt;
555 4153 690 4250 autin
711 4149 911 4246 diuersum
925 4152 1088 4251 sensum
1114 4155 1276 4255 operose

278 4277 300 4342 ’)
316 4277 360 4331 Do
371 4297 450 4345 nmo,
467 4300 520 4357 quo
534 4279 626 4355 scripta
639 4280 690 4338 lint
705 4279 843 4354 Georgica,
857 4302 880 4337 ν.
897 4284 986 4340 Vitam
999 4285 1102 4358 virgilii
1117 4287 1153 4343 ld
1166 4305 1192 4340 Ι·
1210 4296 1269 4357 7⁸4·
