2700 4906
295 316 388 394 DE
427 320 696 402 cthflNE
727 323 1024 438 Bvcottco
1153 355 1203 429 27

147 505 311 578 intactus
342 505 557 605 manserit.
621 510 742 612 Quod
759 508 799 605 ss
827 515 870 583 in
896 515 1117 596 nonnullis,
1156 533 1204 589 ut

150 646 230 718 inl.
254 647 335 718 IX.
355 647 416 725 X,
453 643 678 743 allegoriae
701 644 812 717 locus
832 646 1112 750 relinquendus
1133 648 1200 747 cst,

152 783 221 852 eius
258 797 410 852 tamen
445 795 597 851 natura
634 782 834 853 eiusmodi
865 779 938 879 ist,
995 800 1040 854 ut
1077 801 1202 883 poeta

153 914 379 1014 uniuersam
427 940 515 986 rem
546 888 702 1011 fabula
746 914 929 1016 arceffita
979 914 1200 1014 inuolurffe,

105 1052 107 1153 l
145 1047 317 1152 strigulus
343 1076 445 1124 vero
472 1066 609 1150 partes
635 1057 799 1152 proprie
829 1048 1017 1151 tractaffe
1037 1025 1203 1153 suisque

105 1200 107 1278 y
153 1191 393 1259 ornamentis
435 1180 653 1283 bonefiaffe
685 1189 819 1260 uideri
857 1187 1013 1263 debeat.
1086 1186 1204 1263 Nilril

153 1326 281 1423 itaque
312 1349 389 1396 nec
413 1319 607 1418 odiosius,
654 1348 727 1395 nec
749 1351 777 1396 a
799 1329 860 1396 rei
888 1328 1049 1397 ratione
1069 1329 1201 1426 magis

153 1458 347 1539 alienum,
397 1482 525 1558 quam
550 1453 734 1557 singulas
759 1459 983 1558 sententias
1012 1462 1072 1532 ad
1098 1459 1211 1532 alle-¹
1241 1458 1270 1475 ”

148 1600 288 1695 goriae
305 1591 581 1693 subtilitatem
605 1619 800 1666 reuocare
825 1594 989 1684 velle.*)
1048 1594 1201 1693 Sufficit
1284 1566 1302 1619 ³

149 1758 183 1802 o.
205 1758 239 1803 c.
264 1735 312 1802 in
331 1733 474 1829 prima
500 1727 666 1828 Virgilii
695 1729 861 1829 ecloga,
896 1745 1049 1808 tenere,
1094 1755 1202 1800 com-

150 1892 312 1938 munem
352 1866 535 1938 omnium
572 1879 799 1964 temporum
839 1865 1069 1962 opinionem
1114 1859 1202 1961 effe,
1276 1895 1281 1900 ’

155 2002 375 2104 Virgilium
393 2001 551 2099 partim
576 2000 636 2070 ad
664 1997 791 2096 suam
812 2002 969 2099 partim
1000 1999 1060 2071 ad
1081 2000 1216 2071 Man··

151 2155 372 2211 suanorum
398 2135 622 2234 fortunam
658 2131 882 2237 respexiffe,
939 2152 979 2208 et
1015 2131 1202 2236 Augusto

149 2300 222 2373 pro
244 2274 419 2348 redditis
438 2274 550 2371 agris
569 2273 728 2370 gratias
751 2297 874 2372 agere
894 2264 1071 2368 volusffe.
1123 2269 1204 2346 Sed

157 2438 224 2492 eo,
271 2436 381 2512 quae
423 2409 476 2480 de
514 2409 653 2504 Tityro
690 2424 984 2487 memorantur,
1036 2402 1205 2507 singula

157 2550 276 2619 anxie
316 2572 410 2617 cum
445 2541 612 2643 Virgilii
642 2540 818 2641 persona
851 2567 1109 2643 comparare,
1158 2539 1205 2610 id

159 2709 278 2783 quam
303 2681 498 2782 putidum
521 2675 597 2774 stt,
647 2682 734 2779 quis
760 2704 843 2750 non
870 2677 1056 2774 sentiat?
1121 2675 1206 2774 Ap*

155 2819 279 2919 pellat
305 2816 436 2918 ipsum
453 2813 505 2912 se
534 2815 717 2911 Tityrum
742 2813 829 2885 Ecl.
850 2813 922 2891 VI,
947 2821 983 2895 4.
1044 2811 1123 2882 Sed
1148 2809 1207 2879 ad

161 2956 382 3026 eundemne
402 2951 561 3048 uersum
584 2948 632 3022 55
656 2948 744 3022 Ecl.
765 2949 870 3020 VIII
882 2944 1061 3040 riferas?
1098 2944 1207 3044 Quid
1289 2960 1291 2965 ·

159 3093 227 3170 IX,
253 3086 333 3162 23?
391 3081 606 3185 Plerosque
637 3101 776 3156 tamen
811 3085 1072 3178 interpretum
1106 3076 1207 3148 mul-

162 3243 214 3298 tos
238 3230 283 3299 in
313 3249 362 3295 eo
390 3217 463 3321 effe
484 3222 636 3329 videas.
710 3220 806 3293 Non
832 3216 1020 3318 quidem,
1062 3239 1141 3312 quo
1156 3211 1207 3310 se

164 3376 374 3439 tueantur,
417 3354 567 3429 habere
584 3382 700 3457 nego.
765 3355 877 3431 Fecit
902 3351 1013 3421 idem
1034 3350 1112 3420 ltoc
1135 3375 1207 3420 ana

167 3475 342 3598 tiquitasi
403 3493 485 3566 Sed
514 3496 677 3565 omnino
705 3491 821 3563 liuius
866 3488 1021 3588 generis
1056 3483 1206 3558 bucolia

170 3658 304 3707 corum
334 3632 561 3707 carminum
592 3630 699 3705 ratio
730 3643 769 3702 et
794 3637 946 3704 natura
976 3620 1115 3693 melius
1147 3624 1207 3692 in,

199 3818 223 3882 ⁸)
248 3818 348 3881 Recte,
383 3815 503 3891 quisquis
540 3813 585 3869 ills
630 3807 668 3866 est
711 3809 771 3863 dics
785 3824 852 3871 stc..
872 3823 900 3861 at
915 3805 1088 3859 inseruianis
1103 3804 1137 3858 ad
1150 3801 1206 3866 Ecl,

105 3936 107 3943 ,
176 3901 376 3966 Grammaticus,
418 3901 447 3954 in
466 3899 570 3954 attextis
589 3899 668 3953 Vttae
708 3897 753 3958 111,
769 3912 803 3949 αα
844 3892 1028 3966 Resusandae
1043 3892 1114 3963 sunt
1138 3893 1209 3945 alle,

105 3979 107 3991 ¹
179 3986 259 4061 virgil.
284 3995 308 4059 ς.
331 4006 367 4061 99
405 3985 489 4044 Illud
516 3985 669 4038 tenendum
709 3988 848 4053 goriasiu
864 3982 995 4033 bucolico
1014 3973 1210 4044 corms'nemfi

184 4073 227 4143 ‘ll‘
243 4076 453 4145 praedicimus,
498 4079 529 4128 in
554 4073 668 4126 Bucolt·
712 4085 782 4129 cum,
802 4066 934 4139 ‘utsupra
951 4067 1077 4126 diximus
1094 4059 1208 4125 (adEcl.

189 4165 219 4209 tls
235 4163 343 4233 Virgilii·
357 4181 452 4234 neque
469 4177 607 4230 nusquam
622 4177 669 4210 ns·
709 4154 803 4217 1‚1.)‚
827 4173 863 4208 ex
878 4156 978 4224 aliqua
995 4164 1128 4222 agrorum
1147 4163 1212 4215 pera

190 4260 232 4310 qus
258 4252 359 4322 ubique
393 4244 513 4320 aliquid
540 4243 670 4318 figurata
713 4230 1208 4317 dirorumneceffisasedqsceudurm
