2692 4914
97 359 173 438 772
444 324 742 406 EXCVRSVS
766 329 788 405 I

103 518 209 608 Odyss.
228 545 257 596 ε,
282 523 362 598 274,
402 513 480 580 dum
499 518 609 580 Vrsam
629 518 705 581 dicit
732 521 813 582 verti
836 521 920 581 circa
945 518 1064 601 polum,
1097 535 1121 581 st

104 629 258 687 Orionem
287 621 445 702 despicere
474 639 506 683 et
531 604 712 684 obseruare:
755 625 809 688 nul
844 620 987 708 Ὠρίωνα
1020 618 1125 686 uesieu

106 731 194 811 atqui
213 731 238 788 is
257 725 354 807 longe
371 723 410 784 ab
426 745 463 785 es
477 723 577 800 abest,
598 724 692 787 Vrsae
707 740 815 788 tsmeu
828 747 869 787 ex
882 724 1011 787 aduerso
1024 724 1128 806 postus

106 830 155 893 Ita
168 831 284 890 centies
297 829 409 889 Aratus
422 824 554 890 siderum
567 825 656 890 situm
670 825 820 911 designet,
837 825 993 911 simulque
1008 843 1132 888 ornatum

108 953 148 994 ex
162 946 274 991 natura
296 933 460 992 animantis
474 932 523 992 vel
543 929 677 1013 figurae,
698 951 779 1014 quae
793 928 920 1013 lignum
942 930 1033 1002 iacit,
1053 935 1135 1010 pedu,

108 1038 155 1096 ite
179 1034 281 1094 Orion
298 1031 468 1116 insequitur
490 1034 678 1115 Leporemq
694 1049 725 1093 et
745 1033 843 1092 Sirius
866 1032 968 1093 sertur
983 1031 1138 1115 insequenti

109 1133 230 1208 similis,
268 1135 398 1218 Φέρεται
418 1128 551 1214 μετιόντι
575 1129 692 1208 ἐοικὼς,
725 1132 842 1201 Κοιιόἱ
861 1134 1067 1207 ἐπαντέλλει,
1098 1130 1142 1197 sas

110 1259 164 1318 μιν
184 1231 328 1302 κατιόντα
347 1230 452 1302 dissuat.
476 1258 505 1298 v.
522 1240 585 1316 540
599 1235 641 1319 sq.
664 1236 702 1302 cs.
728 1256 760 1296 v.
776 1237 817 1300 28
828 1235 876 1319 sq.
900 1238 968 1300 316
982 1235 1025 1320 sq.
1076 1237 1141 1295 Sunt

113 1339 174 1398 elia
196 1343 361 1399 innumera
373 1340 513 1422 exempla
526 1338 610 1420 apud
623 1338 803 1410 Manilium,
825 1352 863 1398 vt
881 1340 918 1399 in
936 1359 1001 1400 vno
1021 1337 1142 1399 looolib

113 1439 155 1512 Il,
169 1443 233 1517 485
250 1440 311 1524 sq,
346 1441 398 1502 vbi
419 1447 502 1503 inter
527 1441 587 1501 alie
606 1442 728 1501 Taurus
745 1439 929 1520 fulgentes
949 1438 1044 1499 videt
1058 1455 1144 1522 aequa

114 1542 214 1603 audit
227 1564 291 1625 per
299 1541 416 1619 sidera
427 1541 543 1621 Pisces.
559 1543 640 1605 cons.
653 1541 693 1614 ll,
707 1545 780 1620 466.
796 1547 874 1621 519.
891 1545 969 1621 456.
988 1541 1041 1602 tib.
1055 1541 1144 1603 leur.

114 1646 185 1706 Alia
203 1646 345 1726 exempla
360 1665 397 1706 ex
410 1645 527 1705 Ouidio
548 1660 660 1706 notare
678 1645 760 1705 licet.
802 1643 873 1704 lem
896 1666 970 1705 cum
994 1644 1144 1725 spudVir-

115 1747 226 1829 gilium
247 1746 388 1807 Pleiades
419 1747 564 1808 dicuntur
584 1745 759 1808 occidentes
777 1747 912 1826 sugere
930 1746 1075 1824 Piscem,
1103 1745 1145 1805 seu

115 1847 235 1921 Pisces,
277 1846 338 1909 hoc
361 1848 401 1909 ad
429 1845 516 1909 situm
542 1845 674 1908 fiderum
701 1852 735 1908 iu
763 1846 897 1929 sphaere
919 1853 1013 1911 unice
1033 1848 1146 1929 spectati

114 1969 191 2010 nam
212 1950 351 2011 euersum
365 1952 521 2024 Taurum,
560 1941 702 2033 adeoque
718 1950 814 2009 Tauri
827 1967 927 2031 caput
948 1973 1021 2011 cum
1035 1950 1146 2011 Pleitdi-

115 2050 193 2124 bus,
219 2049 409 2135 subsequitur
432 2053 509 2113 ulter
529 2052 666 2114 Piscium.
709 2053 808 2113 Simili
827 2053 931 2114 modo
952 2054 1089 2114 Pleiades
1106 2073 1146 2113 oc·

118 2154 258 2214 cidentes'
278 2155 386 2236 sugere
415 2154 565 2214 Orionem
596 2154 739 2215 dicuutur
766 2155 852 2234 apud
879 2152 1010 2217 Hefiod.
1028 2148 1080 2221 ²13.
1095 2158 1145 2235 619

117 2240 195 2319 Εἶτ’
218 2244 256 2318 οἶν
282 2249 450 2338 sllqitidec,
494 2254 603 2326 σθένοι
631 2247 756 2340 ἴβριμον
790 2252 948 2339 Ὠρίωνος
986 2253 1146 2332 desumere

119 2355 271 2421 τίττοιοιν
290 2359 322 2426 ἐς
343 2353 493 2440 ἠεροειδέα
512 2351 635 2432 πόντον,
657 2372 689 2418 et
703 2378 751 2439 ap.
767 2357 878 2439 Quint.
895 2361 1023 2445 Smyrn.
1039 2361 1077 2433 V,
1086 2363 1146 2437 367.

118 2460 184 2521 568
212 2450 330 2539 Πληϊοὶς
372 2443 432 2522 εἶτ’
461 2455 629 2537 desipueris
663 2463 695 2530 te
721 2456 891 2526 Ὠκεανοῖο
920 2461 1041 2545 ῥέεθρα
1066 2456 1147 2526 diss

119 2553 354 2624 sirorraiooovou
385 2555 566 2645 τερικλντδν
592 2558 740 2645 Ὠρίωνα.
800 2561 881 2622 Ciris
913 2566 979 2628 555
1011 2567 1147 2645 Scorpius

119 2661 260 2720 alteruis
275 2663 402 2721 clarum
412 2664 510 2742 fugit
527 2665 661 2723 Oriona.
703 2664 818 2746 Hygin.
833 2660 961 2727 Astron.
978 2667 1019 2739 ll,
1036 2671 1083 2730 26.
1102 2671 1148 2727 itt-

121 2784 184 2846 que
212 2762 421 2839 coustitutum
442 2780 496 2832 vt.
523 2786 596 2823 cum
620 2767 773 2846 Scorpius
794 2769 950 2835 oriatur,
988 2771 1091 2828 Orion
1107 2791 1149 2827 οο.

120 2863 222 2924 eldat.
255 2866 371 2925 Eadem
386 2864 462 2926 haec
477 2865 607 2927 siderum
621 2867 713 2928 iacies
730 2865 852 2928 habitus
867 2889 905 2928 ec
923 2867 997 2930 situs
1016 2887 1063 2932 tot
1076 2871 1151 2931 subu·

119 2965 158 3026 lia
180 2967 282 3026 locum
302 2967 374 3026 fecit
381 3009 392 3040 ,
427 2983 459 3026 vt
480 2989 508 3030 v.
529 2990 556 3030 c.
580 2966 653 3029 huic
670 2966 726 3049 ipfi
741 2968 863 3030 Orioni.
885 2971 927 3032 es.
942 2971 1055 3050 {schol
1068 2974 1151 3056 Apol-

121 3067 200 3128 lonii
214 3069 267 3141 111,
285 3072 356 3131 226.
398 3066 502 3130 Restat
517 3066 678 3130 difficultas
693 3075 727 3130 in
742 3068 882 3150 epitheto
901 3076 1061 3154 aquqsus,
1078 3074 1151 3158 quod

119 3173 212 3230 nimis
233 3186 327 3229 tenue
348 3170 445 3230 videri
465 3170 584 3252 potest,
619 3169 705 3233 fieti
720 3192 778 3254 pro
795 3174 951 3253 aquatilis.
994 3178 1151 3237 Enimuero

120 3272 266 3350 aquosus
282 3269 326 3333 esi
339 3292 448 3354 aquas,
468 3271 597 3345 imbres,
619 3294 751 3356 cogens,
774 3274 983 3338 denuntians:
1008 3295 1043 3339 vt
1062 3301 1152 3361 aquo·

111 3372 176 3450 stur
191 3375 293 3434 Orion
306 3375 384 3434 Aen.
399 3375 445 3433 IV
444 3417 454 3446 ,
470 3376 521 3436 52.
562 3375 663 3434 Aries
672 3375 815 3458 aquosus
829 3377 928 3438 Ouid.
943 3381 1023 3441 Met.
1033 3383 1074 3454 X,
1093 3385 1150 3444 165.

120 3475 232 3533 Eurus
253 3475 396 3558 aquosus
414 3478 522 3536 Horat.
544 3476 646 3558 Epod.
672 3480 719 3550 16,
741 3480 792 3556 54.
848 3480 996 3540 Pliades
1018 3469 1151 3565 aquosas

121 3574 198 3634 Stat.
215 3576 269 3648 IV,
290 3599 349 3639 ruo
370 3577 554 3639 imbriferae.
598 3580 682 3661 Quid
696 3580 781 3663 quod
797 3584 892 3640 etiam
914 3583 1023 3643 hiems
1037 3585 1151 3667 aquosa

122 3675 185 3739 Ecl.
199 3679 241 3748 X,
259 3681 309 3741 66.
333 3681 410 3741 Aen.
427 3680 483 3753 IX,
499 3684 572 3759 671,
606 3680 708 3740 narbas
725 3682 873 3764 aquosae
893 3685 976 3747 Aen.
989 3686 1073 3761 VIII,
1086 3698 1149 3767 4²9·

122 3777 244 3838 Etiam
265 3781 401 3864 Ζέφυρος
421 3781 547 3866 ἔφυδρος
568 3780 670 3868 Odyss'.
687 3785 715 3862 ξ,
730 3785 804 3860 458.
853 3786 985 3863 Piscem
1002 3790 1150 3872 αριιοβιοι

123 3899 163 3939 ex
178 3878 237 3940 hoc
253 3880 318 3962 ipso
340 3884 412 3945 loco
428 3885 558 3944 Ouidius
572 3889 677 3965 petiit:
711 3887 788 3947 Met.
805 3888 847 3959 X,
868 3893 928 3951 165
970 3897 1149 3975 quotiesque

123 3983 253 4062 repellit
283 3985 353 4047 Ver
388 3985 525 4046 hiemem
552 3987 705 4070 Pisasque
724 3988 826 4049 Aries
839 3987 1001 4066 succedit
1024 3994 1146 4077 aquoso.

124 4084 271 4147 Ceterum
282 4086 387 4168 fimus
405 4103 439 4151 et
458 4087 517 4153 udi
534 4085 592 4154 fibi
608 4089 816 4175 respondent,
838 4113 918 4176 pro,
940 4098 1079 4182 quando.
