2700 4906
362 304 605 382 PRIORIS
635 306 960 390 EDI‘I'IONIS⁴
1094 338 1193 392 xrrt

146 513 244 586 initio
269 508 551 612 quaerebatur.
605 511 702 584 Cum
718 512 828 583 etiam
845 509 963 586 multa
984 507 1071 605 sint,
1096 540 1195 619 quae

150 644 264 720 sentiri
293 644 458 745 quidem
479 643 591 720 sacile
615 640 766 746 poffint,
802 643 864 718 sed
883 670 981 746 quae
1004 671 1196 748 exponere

152 779 361 856 admodum
386 775 538 854 difficile
563 776 623 869 sit,
666 777 758 850 dum
777 781 818 850 in
838 782 883 851 iis
904 781 1106 858 commode
1130 810 1195 858 ex.

152 914 336 1016 plicandis
364 935 404 990 et
428 912 647 990 illustrandis
668 910 812 990 defixus
841 915 985 987 animus
1009 911 1079 1007 est,
1113 896 1197 994 fieri

154 1047 260 1141 solet,
296 1068 340 1122 vt
362 1046 491 1128 sensim
515 1045 719 1155 sensimque
739 1044 788 1119 ad
810 1045 900 1120 aliar
924 1062 1049 1122 rerum
1071 1036 1196 1127 notio·
1251 1104 1253 1109 -

155 1207 217 1256 ner
238 1200 280 1256 et
302 1185 484 1282 imagines
508 1181 720 1273 delabatur,
746 1199 785 1258 et
803 1179 956 1256 tandem
980 1184 1197 1290 explicatio·

157 1342 241 1390 nem
266 1335 309 1391 et
328 1320 678 1417 interpretationem
697 1314 910 1417 subiungat,
942 1342 1074 1421 quarn,
1105 1317 1198 1396 siin
1239 1333 1241 1336 ’

157 1451 226 1525 alio
247 1449 561 1552 deprehenderit,
602 1448 797 1554 quomodo
820 1456 855 1526 ei
876 1454 918 1525 in
946 1472 1114 1530 mentem
1136 1479 1197 1530 ve-

158 1591 271 1676 nerit,
300 1581 442 1689 assequi
463 1587 524 1657 vix
543 1583 663 1684 poffit.
715 1589 825 1684 Quae
840 1590 967 1663 omnia
985 1613 1067 1661 non
1078 1568 1197 1665 modo

158 1718 321 1796 nostram
338 1716 402 1794 sed
417 1743 660 1797 communem
680 1723 925 1819 interpretum
939 1719 1198 1800 conditionem
1340 1757 1343 1762 ·

159 1853 292 1928 duram
316 1851 400 1926 satis
425 1872 464 1926 et
489 1856 657 1957 iniquam
679 1850 753 1929 effe
776 1852 933 1946 docent,
972 1858 1024 1928 ita
1038 1873 1076 1927 vt
1095 1860 1136 1929 in
1150 1882 1197 1942 eo

159 2012 298 2089 genere
319 1984 514 2094 perfectae
534 1986 677 2096 aliquid
706 1985 960 2063 etabsolutae
980 2013 1119 2089 operae
1140 1997 1199 2066 vix

162 2126 354 2229 expectari
375 2119 498 2220 poffit.

235 2256 335 2330 Mihi
355 2281 444 2331 vero
468 2260 511 2332 in
533 2252 688 2353 Virgilio
714 2256 903 2354 perpetuis
924 2261 1199 2337 commentariis,

164 2387 399 2482 illustrando,
456 2416 546 2464 nam
570 2392 751 2466 variantes
776 2387 958 2466 lectiones
985 2415 1200 2492 congerere,

165 2544 226 2597 aut
248 2523 400 2597 notulas
421 2521 550 2625 passim
571 2520 803 2622 adspergere,
842 2541 908 2596 aut
927 2546 1119 2626 excerptas
1133 2528 1202 2604 ob·
1274 2562 1277 2568 ·

167 2655 391 2733 seruationec
424 2683 472 2732 ex
504 2655 645 2731 schedis
675 2655 852 2756 colligere
883 2677 922 2734 et
962 2658 1203 2740 transcribere

168 2817 241 2869 non
266 2811 415 2868 tanturn
438 2787 663 2870 difficultatis
682 2788 879 2884 habuisset,
912 2789 974 2868 sed
993 2798 1034 2867 in
1047 2797 1202 2900 Virgilio

169 2933 357 3030 perpetuis
382 2932 658 3000 commentariis
675 2923 889 3001 illustrando
917 2946 956 3001 et
980 2932 1139 3005 maiores
1164 2952 1204 3009 et

168 3062 292 3163 plures
315 3056 506 3134 molestiae
526 3059 799 3137 obiiciebantur
825 3084 874 3134 ex
899 3058 1127 3161 superiorum
1147 3071 1203 3149 in·⁴

171 3213 378 3295 terpretum
406 3198 517 3297 copia
543 3214 581 3270 et
606 3195 811 3276 multorum
836 3192 990 3294 operosa
1013 3219 1202 3279 commen.

171 3335 323 3405 tatione.
376 3330 472 3401 Nam
488 3332 528 3407 in
546 3349 660 3431 poeta
673 3327 855 3419 versabar,
881 3356 903 3404 a
919 3348 976 3404 tot
991 3332 1202 3432 interpreti·

171 3463 237 3543 bus
256 3481 424 3556 tentato,
464 3482 518 3557 vt,
559 3463 859 3569 srvuusquirque
878 3489 924 3539 ex
952 3468 997 3539 iis
1016 3464 1204 3552 velvnrnn
1272 3506 1274 3510 ⁸

172 3617 315 3675 tanturn
335 3598 466 3673 locum
489 3596 570 3674 satia
588 3595 826 3691 illustrasset,
852 3598 945 3674 nihil
961 3602 1004 3679 in
1023 3617 1108 3677 toto
1122 3606 1204 3681 Vir·
1339 3610 1342 3614 ’

175 3734 259 3833 gilio
286 3731 519 3810 obscuritatis
541 3735 712 3814 relictum
736 3733 826 3826 esse,
869 3731 923 3814 sm
943 3759 1056 3815 ruunt
1078 3734 1205 3817 uitem

176 3868 326 3968 quilibet
348 3868 481 3948 iocum
502 3867 738 3964 obscurasset,
762 3875 804 3945 in
823 3887 906 3948 toto
925 3868 1035 3945 nobie
1049 3873 1205 3972 Virgilio

179 4002 463 4084 caecutientium
475 4001 548 4084 esse
568 4005 684 4081 videri
705 4003 871 4083 deberet.
923 4005 1030 4101 Quos
1054 4005 1207 4106 quidem

182 4160 297 4221 onnes
324 4167 352 4219 a
375 4163 443 4219 me
470 4138 656 4243 perlectos
679 4137 768 4238 eise,
812 4143 1003 4223 nerninem
1022 4165 1045 4216 a
1065 4165 1127 4216 me
1146 4165 1209 4217 ex-
