2692 4914
141 305 188 382 42
349 305 658 379 P.v1RG1L11
688 299 948 378 MARONIS
1003 314 1012 355 ¹

144 484 216 557 Hic
238 485 342 559 illum
364 489 440 563 vidi
459 496 653 580 iuuenem,
679 486 886 577 Meliboee,
919 484 1124 590 quotannis

145 618 205 689 Bis
226 617 330 695 senos
359 630 420 698 cui
446 623 567 698 nostra
595 624 673 697 dies
699 623 827 696 altaria
853 619 1025 694 sumant·

146 753 219 826 Hic
239 755 329 827 mihi
344 757 551 857 responsum
573 763 712 858 primus
734 755 838 830 dedit
857 754 920 827 ille
937 756 1099 854 petenti:
1129 749 1178 835 45

147 883 303 982 Pascite,
323 909 361 964 vt
380 911 482 983 ante,
505 893 634 982 boues,
661 894 786 991 pueri;
813 886 1013 962 submittite
1037 904 1180 960 tauros.

217 1091 250 1156 43
270 1100 434 1162 quotannis
455 1093 557 1147 diuisim
571 1093 739 1166 antiquiores.
753 1110 777 1143 v.
791 1090 857 1144 Pier.
935 1089 970 1154 45
987 1087 1043 1139 hoc
1063 1085 1183 1156 reposuit

151 1173 257 1226 Wakef.
279 1193 304 1230 et
327 1175 427 1230 necessa
444 1177 494 1234 effa
508 1181 546 1233 ita
556 1180 607 1252 legi
627 1177 788 1253 pronuntiat.
820 1183 942 1246 primum
955 1171 1076 1243 Longob.
1090 1173 1183 1226 Pierii·

149 1259 185 1324 46
201 1278 301 1330 greges
320 1255 427 1335 Mauagss

149 1405 262 1483 ficium,
285 1411 357 1472 alibi
373 1421 503 1498 experiri
516 1414 643 1499 possem.
686 1412 759 1476 hinc
773 1407 848 1471 iussa
863 1409 1021 1470 dicuntur:
1043 1423 1186 1468 nectam

142 1511 202 1587 45.
218 1512 406 1578 Hacinvrbe
420 1518 527 1578 herum
541 1541 645 1579 meum
686 1512 858 1597 magnifice,
876 1532 966 1594 quam
978 1511 1061 1590 apud
1071 1510 1185 1577 Horat.

150 1612 231 1686 vidi,
265 1630 326 1676 tatu
349 1619 525 1680 munificum
547 1638 579 1682 et
601 1622 645 1681 le·
688 1619 723 1679 C.
745 1619 775 1679 S.
796 1618 837 1678 55
874 1616 945 1672 lam
969 1611 1110 1692 Scythae
1135 1632 1187 1669 ro·

151 1731 238 1786 uem,
259 1735 292 1777 vt
307 1741 377 1781 eum
394 1743 452 1803 pro
467 1704 527 1786 deo
543 1723 645 1784 colere
677 1717 804 1800 sponsa
827 1729 970 1797 petum:
1014 1712 1066 1774 sed
1086 1712 1188 1793 simpli

152 1815 351 1886 decreuerim.
385 1825 460 1886 Nou
477 1829 560 1886 enim
575 1847 646 1885 eum
687 1819 845 1901 respondit
885 1819 1022 1899 petenti,
1066 1818 1188 1876 annuit.

154 1917 307 1983 diuersum
342 1927 443 1988 facere
477 1929 598 1989 videtur
629 1948 647 1986 a
690 1922 877 1984 Submittite
908 1933 1031 1978 tataros.
1091 1916 1187 1978 Varie

155 2023 279 2083 iuuene.
336 2028 427 2088 Dicta
469 2028 546 2090 haec
587 2026 646 2090 esse
688 2028 872 2105 interpretes
903 2034 1073 2100 exponunt.
1117 2019 1189 2078 Ser·

155 2122 294 2202 respectu
317 2129 355 2189 ad
378 2131 535 2192 Caesarem
555 2131 648 2191 Octa·
689 2130 755 2210 vius
769 2145 838 2184 cum
858 2122 937 2181 aliis:
967 2125 1041 2203 iugo
1062 2119 1190 2187 submit÷

155 2225 279 2284 viauum
300 2227 423 2306 habito,
448 2233 579 2293 dubitari
600 2237 649 2292 vix
691 2244 757 2288 tere
772 2224 811 2287 ad
824 2223 990 2284 arandum:
1010 2237 1106 2295 recte,
1121 2242 1192 2283 mo·

155 2323 266 2404 potest.
329 2331 395 2390 Nec
439 2349 543 2394 tamen
581 2333 650 2393 sunt
694 2330 735 2390 do
757 2330 846 2406 iugo,
868 2341 1003 2397 aratro,
1025 2322 1190 2383 aut-sumile

156 2430 288 2488 nimium
305 2433 458 2514 urgenda:
480 2437 594 2515 alioqui
605 2435 651 2494 di·
693 2429 769 2514 quid
796 2429 972 2489 adiunctum
1000 2423 1092 2495 esset:
1136 2421 1192 2487 etii

156 2530 290 2588 cendum
317 2530 408 2608 esset,
444 2536 652 2596 Octauianum
693 2534 743 2593 vel
764 2528 804 2591 fic
832 2552 850 2590 a
876 2526 1033 2611 pastorum
1060 2525 1193 2608 persona

156 2627 353 2710 poffeffiones
374 2639 407 2694 in
421 2657 495 2719 agro
509 2639 652 2696 Mantua·
695 2635 827 2693 alienum
850 2632 940 2692 soret.
993 2628 1195 2701 Submittere

155 2750 200 2792 uo
221 2732 368 2804 habuisse,
387 2741 421 2797 iu
444 2758 507 2820 quo
528 2739 653 2820 Tityrus
695 2731 737 2794 est
755 2728 836 2799 alere
851 2735 890 2795 ad
906 2754 1030 2819 gregem
1046 2732 1194 2812 supplen-

157 2831 240 2895 esset.
283 2838 321 2897 Ei
342 2837 373 2900 se
394 2836 552 2900 menstruis
566 2839 653 2901 saeris
696 2837 787 2905 dum3
815 2856 888 2894 natu
903 2835 1131 2917 subiunguntur
1145 2854 1194 2894 re·

157 2937 246 2999 litare
269 2939 347 3000 velle
370 2944 421 2999 ait.
447 2941 484 3001 cf.
514 2964 542 3001 v.
570 2963 599 3021 7.
622 2944 652 3005 8.
694 2939 785 3021 liquis
803 2952 835 2997 et
856 2954 1062 3019 aggregantur
1082 2942 1105 2996 ii
1128 2952 1196 2996 tau·

160 3041 294 3108 fumant
361 3062 420 3121 pro
480 3042 653 3105 fumabunt.
695 3045 742 3108 ri,
778 3037 890 3122 quibus
923 3059 997 3121 grex
1026 3037 1196 3119 suppletur.

159 3145 212 3217 45.
240 3144 314 3214 Hic,
338 3164 408 3202 cum
418 3144 539 3206 Romae
561 3144 653 3208 essem
697 3141 818 3214 Gelli,
830 3143 870 3220 75
886 3160 967 3222 quos
979 3142 1015 3197 in
1020 3139 1120 3219 spem
1126 3137 1197 3216 sta

159 3240 320 3322 ipsumque
358 3242 466 3303 herum
508 3244 652 3320 adiissem,
697 3259 770 3304 tues
773 3241 973 3320 submittere
983 3243 1102 3319 gentis.
1113 3240 1196 3306 cons.

158 3346 294 3421 primum
308 3344 363 3402 tuli
377 3345 553 3424 responsum
567 3351 653 3423 illud,
701 3350 769 3426 159.
786 3368 814 3407 v.
828 3346 931 3405 Burm.
947 3342 978 3404 h.
1000 3343 1020 3401 l.
1044 3341 1139 3404 Gesn.
1162 3346 1197 3402 in

160 3441 191 3506 h.
211 3444 337 3504 facultas
351 3444 442 3506 nobie
462 3446 533 3506 data
549 3444 601 3520 est,
624 3467 655 3514 vt
696 3445 785 3507 Thes.
814 3445 1013 3505 submittere
1034 3448 1118 3506 anim
1135 3439 1196 3503 esse

159 3564 219 3606 noo
235 3550 342 3625 pueri,
364 3566 487 3619 vernae,
509 3547 598 3620 serui,
621 3548 657 3608 li·
697 3555 819 3612 mittere
853 3552 887 3609 iu
922 3547 1046 3605 alterius
1080 3545 1197 3617 locum,

161 3644 236 3706 bere
267 3646 458 3726 pasceremus
491 3663 523 3708 et
553 3664 657 3710 tauros
699 3650 854 3730 supplere,
877 3646 1084 3709 dubitandum
1103 3648 1198 3727 plano

159 3746 415 3811 submitteremut.
457 3751 561 3831 ⁸Color
579 3749 659 3811 fimi·
699 3771 767 3812 non
799 3751 849 3815 est.
902 3753 953 3812 An
984 3750 1101 3809 dictum
1139 3745 1199 3809 effe

159 3849 196 3911 lis
218 3854 359 3914 carminis
381 3850 547 3934 Agathiae:
578 3855 659 3915 Arta·
699 3849 791 3937 poffit
816 3874 890 3932 pro:
933 3869 1049 3913 tauros
1076 3849 1200 3911 admit,-

160 3952 231 4015 lect.
253 3952 386 4014 Brunck.
412 3955 471 4015 To.
487 3956 541 4028 111,
566 3980 597 4038 p.
606 3961 657 4035 46.
701 3971 780 4029 tere,
801 3954 941 4017 dubitare
954 3955 1035 4016 licet.
1070 3956 1200 4016 Femina

162 4056 325 4117 XXXVII.
376 4056 572 4138 Responsum
593 4080 660 4120 non
699 4056 893 4130 submittitur,
909 4076 977 4117 nou
990 4071 1097 4117 taurus
1111 4056 1200 4130 boui,

164 4177 249 4221 nunc
268 4180 307 4224 eo
326 4157 420 4231 seusu,
451 4180 513 4242 quo
535 4162 659 4221 oracula
699 4175 733 4220 vt
744 4158 944 4238 sttbmt'ttere
965 4179 1069 4243 equas
1084 4158 1218 4221 Pallada
