2692 4914
259 366 1022 533 crouc1couu113.1‚291-29s
1106 413 1183 513 349

151 594 228 666 Aut
242 592 359 667 dulcis
375 590 482 667 musti
496 571 666 668 Volcano
684 594 864 696 decoquit
875 596 1082 693 humorem,
1105 600 1179 701 295

150 732 200 800 Et
222 726 319 800 foliis
341 725 477 799 vndam
498 728 637 827 trepidi
661 727 852 829 despumat
874 729 995 803 aheni.

150 866 201 934 At
226 860 434 935 rubicunda
460 864 574 935 Ceres
600 862 726 937 medio
753 861 953 938 succiditur
978 861 1094 960 ueftu3

149 998 199 1066 Et
219 994 345 1069 medio
368 990 477 1068 tostas
499 992 599 1069 aestu
621 1000 707 1072 terit
727 971 814 1072 urea
837 998 973 1098 fruges.

220 1208 270 1277 295
288 1205 390 1258 humor
408 1204 522 1277 Scaliger
542 1203 657 1278 legebat,
683 1223 710 1262 rt
728 1200 790 1261 effer
811 1203 944 1280 decoquit
963 1203 997 1263 fe.
1031 1206 1101 1264 conf.
1116 1210 1181 1266 Rus·
1252 1222 1255 1229 ’

148 1290 212 1363 gerf.
228 1292 291 1344 Ver.
307 1289 379 1344 Lect.
393 1287 428 1352 V,
446 1308 485 1360 27.
526 1283 527 1286 ¹
562 1295 612 1362 296
630 1286 721 1362 tepidi
740 1292 828 1345 aheni
844 1308 900 1346 erat
917 1290 995 1348 lectio
1015 1312 1076 1348 2222
1089 1286 1179 1353 Hsiuf.

148 1376 269 1448 vulgata,
289 1374 376 1447 llcque
395 1374 511 1429 Purrhcf.
527 1374 601 1430 Vols.
617 1373 660 1429 ulii
675 1390 716 1449 sp.
730 1379 837 1431 Martis.
873 1377 979 1449 trepidi
995 1378 1092 1434 dabunt
1105 1381 1178 1434 Gud.

147 1460 276 1522 Mentel„
295 1477 402 1534 vterque
416 1463 522 1533 Meum,
536 1463 634 1516 Morari
646 1462 736 1532 fragm.
754 1480 814 1519 cum
828 1462 904 1516 Pierii
916 1462 1014 1518 Medic.
1038 1481 1063 1519 et
1078 1463 1180 1537 aliquot

147 1546 216 1599 eliis.
241 1545 334 1619 soliis
356 1547 474 1616 trepidis
490 1547 605 1610 Medic,
638 1546 743 1620 hocque
760 1547 827 1599 Pier.
847 1547 874 1600 in
898 1547 1013 1603 editione
1030 1549 1074 1603 fue
1093 1549 1181 1622 legiffs

145 1631 258 1713 videtur.
298 1631 417 1701 trepidis
436 1640 516 1684 aenis
534 1633 614 1685 Rom.
659 1632 702 1684 De
723 1632 844 1685 222ιὶ22222
863 1630 913 1684 hec
932 1632 984 1685 vid.
1002 1634 1091 1687 Heius.
1110 1634 1139 1688 h.
1160 1633 1179 1688 l.

146 1731 174 1769 et
195 1715 230 1768 ed
243 1714 325 1770 Ouid,
338 1716 405 1770 Met.
420 1717 479 1780 ΧΠ,
495 1734 553 1789 279.
590 1725 667 1770 rcuul
688 1721 755 1770 aeui
774 1715 846 1770 Gud.
860 1735 909 1786 pro
923 1735 976 1768 var.
990 1716 1050 1771 lect.
1086 1718 1180 1789 dispu-

147 1816 204 1853 met
220 1797 316 1854 Mores.
339 1816 439 1873 quart„
479 1796 532 1855 hoc
550 1815 576 1855 et
596 1796 662 1853 illud
681 1800 709 1852 in
727 1799 812 1872 rulgg.
834 1797 893 1852 edd.
916 1799 994 1854 Gellii
1007 1803 1043 1855 N.
1056 1805 1087 1857 A.
1102 1805 1134 1866 ll,
1153 1799 1179 1859 3·

147 1885 192 1938 vbi
224 1884 257 1938 dc
286 1885 410 1958 scripture
427 1885 529 1940 'alicui
562 1886 653 1956 egitur.
749 1901 798 1955 297
812 1885 996 1955 succinditur
1021 1885 1105 1940 Goth.
1130 1887 1180 1942 fec.

147 1973 201 2042 298
220 1969 313 2043 cqsias
331 1969 397 2025 elios
418 1969 514 2025 hebere
529 1971 650 2026 Reirkitu
671 1969 783 2025 notsbet
803 1969 871 2024 forte
891 1990 939 2044 pro
960 1985 1063 2025 coctas.
1144 2022 1147 2030 ,

148 2140 229 2213 elio,
272 2136 316 2202 est
346 2138 490 2224 expolite.
556 2144 646 2204 Patet
687 2142 762 2202 dixit
783 2139 933 2204 ebulliens
956 2163 988 2205 et
1009 2131 1178 2203 erundum.

149 2258 255 2303 cutem
271 2264 309 2303 ex
323 2241 384 2305 hoc
397 2243 500 2316 rerfu,
529 2247 564 2304 in
583 2245 645 2303 122-
685 2242 809 2304 Fronde
824 2260 937 2318 2222222,
961 2244 1042 2306 forte
1059 2247 1179 2325 pumpi-

148 2345 192 2405 lie
235 2365 361 2428 quoque
403 2346 644 2406 matresfamilias
685 2365 761 2419 222,
782 2345 915 2426 spumam
929 2348 1082 2420 auferunt,
1104 2346 1179 2406 dum

148 2443 332 2506 rusticorum
356 2448 482 2509 telarum
507 2462 644 2508 texturae
685 2447 840 2510 defrutum
856 2448 981 2509 faciunt.

150 2545 278 2609 vaceffe.
327 2552 398 2629 295.
426 2551 484 2610 Ge.
501 2550 557 2622 IV,
581 2552 642 2613 268
727 2569 798 2630 297·
821 2547 950 2609 Mess'cm
976 2553 1019 2609 eit
1046 2545 1106 2611 effe
1133 2549 1177 2611 fe·

148 2652 222 2727 igni
237 2652 378 2731 pinguia
396 2651 497 2710 mirlto
520 2651 643 2729 Defru-
684 2651 813 2711 cendam
834 2665 866 2711 et
886 2650 1044 2710 terendam
1067 2651 1177 2711 medio

149 2770 196 2812 ta.
234 2753 346 2812 Sedula
362 2757 395 2811 in
410 2755 496 2810 vuriis
511 2772 529 2810 e
544 2750 642 2812 musto
682 2751 782 2828 aestu.
853 2752 948 2826 Ceres
978 2752 1175 2827 rubicunda,

150 2855 265 2915 defruti
291 2852 455 2936 generibus
480 2852 644 2914 conficien-
683 2875 764 2936 quae
784 2854 856 2914 21122
867 2851 985 2931 staria,
1027 2859 1099 2936 quia
1126 2876 1178 2914 ru·

150 2959 197 3017 dis
219 2973 358 3018 veterum
373 2958 430 3012 fuit
444 2957 557 3035 opera:
580 2956 641 3015 vid.
684 2955 778 3027 bent,
822 2953 1006 3027 fleuefcunt,
1061 2951 1176 3016 aristae.

147 3060 230 3119 Plin.
250 3058 373 3131 XXIII,
399 3059 445 3119 28.
476 3040 642 3130 le,'11.
685 3055 856 3117 Columella
869 3055 908 3129 II,
936 3076 986 3128 21,
1011 3076 1030 3115 2
1055 3076 1179 3138 aequa·

148 3161 323 3221 Columella
339 3160 408 3231 XII,
427 3180 493 3240 cap.
511 3180 644 3240 19-21.
686 3159 762 3218 liter
787 3155 972 3221 flauentibus
999 3160 1069 3216 iam
1096 3157 1176 3232 fatis,

150 3264 262 3324 Dulce
333 3259 469 3338 mullum
540 3262 644 3323 laudet
686 3273 866 3340 autequam
892 3280 935 3318 ex
964 3274 1033 3319 toto
1067 3281 1179 3340 gruna

152 3367 298 3448 Quinctil.
319 3363 389 3426 lnst.
411 3365 503 3432 VIII,
537 3386 575 3439 2,
607 3387 644 3426 ιο
686 3360 915 3438 indurescant,
944 3382 1013 3422 cum
1032 3362 1178 3425 rubicun.

149 3474 235 3529 inter
247 3467 394 3549 epitheto,
410 3488 489 3549 quae
502 3467 544 3541 id,
560 3468 644 3549 quod
687 3466 761 3524 dum
813 3464 949 3526 colorem
1004 3480 1177 3542 trexemnt,

149 3576 198 3632 rei
214 3576 376 3652 proprium
388 3567 440 3644 fit,
463 3574 643 3650 exprimant.
687 3563 788 3644 meffis
798 3565 966 3646 facienda
989 3564 1042 3643 est.
1079 3570 1120 3628 At
1137 3569 1178 3629 dc

150 3675 271 3733 Ιιιιπιον
292 3671 387 3751 mulii
413 3677 536 3753 poetice
565 3677 646 3752 peri·
687 3667 795 3729 medio
831 3667 919 3746 aeliu
957 3668 1088 3729 dubitari
1119 3692 1178 3752 po·

149 3773 274 3857 phialis.
355 3778 425 3855 296.
455 3768 645 3856 crepidem,
687 3770 758 3833 test:
781 3769 857 3831 fitne
875 3771 976 3832 media
991 3769 1113 3844 aestate,
1136 3792 1178 3833 22

148 3882 279 3960 proprie
313 3875 443 3937 mustum
476 3874 519 3936 est
554 3879 645 3956 trepi-
686 3875 790 3935 medio
811 3874 861 3934 dle
882 3870 1006 3934 aestiuo.
1052 3875 1178 3933 Vtrum·

151 3981 245 4055 dum,
286 3985 374 4061 quie,
415 3977 500 4061 quod
527 3976 644 4051 ebullit,
687 3998 749 4060 que
763 3992 846 4037 recte
868 3997 903 4037 ec
923 3997 994 4037 vere
1016 3973 1177 4033 diceretur.

151 4081 237 4166 quufi
258 4097 389 4144 tremere
406 4080 543 4141 videtur:
566 4084 645 4142 Aen.
687 4081 794 4147 Prius,
809 4078 917 4138 medio
934 4078 1033 4156 aestu,
1055 4071 1177 4144 uellate,

149 4185 227 4258 Vll,
251 4187 315 4264 463
341 4181 471 4243 undans
492 4183 645 4252 alterium,
689 4185 814 4256 dictum,
835 4197 867 4241 vt
880 4181 943 4242 Ecl.
966 4181 1007 4253 X,
1028 4179 1085 4250 65,
1109 4174 1187 4255 fri·¹

148 4288 226 4348 hinc
254 4285 381 4348 oudam
403 4285 487 4347 idem
515 4285 646 4348 mullum
687 4284 823 4365 guribus
848 4279 982 4349 mediis,
1023 4298 1094 4338 cum
1111 4276 1176 4361 sqq.
