2692 4914
1111 139 1129 169 ἱ

189 313 536 391 GEORGIOON
561 315 963 416 maliem-,300
1039 312 1111 414 475
1142 261 1152 273 =

75 508 229 579 Summa
256 517 360 605 pete,
397 513 478 573 'aut
509 498 649 576 [limma
673 503 854 604 destringe
891 532 939 580 ex
972 503 1107 577 arbore

687 637 851 737 plantas3
1029 637 1105 708 500

150 820 200 872 300
219 819 330 871 Summe
352 832 423 888 puta
442 818 588 874 conlecerat
608 820 697 874 Heius.
744 820 796 875 sed
814 838 836 872 v.
861 822 966 881 Burm.;
999 812 1048 871 uee'
1070 816 1104 872 (lo

68 904 206 975 putatione
236 902 280 954 hic
307 903 398 973 agitur.
455 903 586 976 defringe
617 907 713 965 Medio,
742 922 768 960 et
797 908 874 960 ceteri
905 902 1103 976 praestantiores

69 1007 164 1058 magna
186 1008 215 1040 ex
236 1004 326 1060 par1e3
354 985 389 1041 fic
403 989 539 1041 Romanus
554 1007 579 1042 et
593 1009 652 1062 para
666 990 860 1056 plurimorum,
899 991 953 1043 duo
975 988 1054 1042 codd.
1077 1003 1103 1042 et
1128 1028 1130 1033 f

66 1089 129 1126 vett.
145 1071 204 1125 edd.
221 1091 262 1141 ap.
279 1074 384 1126 Martio.
402 1089 427 1126 et
441 1090 550 1144 vterque.
560 1075 642 1128 Goth.
658 1094 717 1128 cum
731 1075 799 1136 Eri..
835 1094 888 1150 quo
909 1073 1002 1129 alludit
1023 1072 1103 1125 houd

56 1159 175 1229 sununa
197 1157 329 1230 defringe
355 1157 396 1211 ed.
418 1159 503 1219 vem,
545 1159 623 1236 idque
650 1179 710 1213 vero
738 1161 845 1227 propius
867 1158 918 1213 elle
938 1157 1100 1211 existimabat

64 1242 197 1296 Heinsius.
233 1243 306 1294 Idem
328 1257 416 1295 tamen
427 1242 573 1315 stringere
594 1244 703 1316 copiofo'
717 1243 833 1297 illustrat.
876 1246 1097 1302 AtBurmamauo,

64 1327 177 1383 sirecte
200 1328 253 1380 eius
272 1328 347 1380 verba
371 1329 484 1400 accipio,
523 1329 595 1382 illam
613 1329 752 1383 lectionem
774 1349 828 1382 nou
858 1329 1002 1406 probabam
1044 1345 1101 1379 non

64 1415 137 1467 enim
157 1414 281 1466 sarmenta
300 1412 358 1465 lunt
380 1432 458 1465 manu
481 1413 639 1486 frangenda,
666 1415 708 1467 sed
727 1415 794 1469 ferro
816 1432 892 1468 acuto
909 1413 1097 1481 abscindende;

63 1499 150 1558 Vetto
165 1501 186 1559 l,
201 1509 234 1565 4ο
272 1514 298 1551 et
324 1517 397 1567 quae
427 1497 463 1550 de
489 1501 591 1551 arbore
615 1500 785 1572 transferas,
829 1516 861 1554 vo
888 1520 923 1552 ea
950 1502 1099 1569 duplamve

58 1592 170 1657 potius,
196 1601 280 1653 quam
299 1581 459 1652 defringas.
506 1585 646 1638 Enimuero
664 1586 690 1637 id
705 1585 824 1640 'alienum
845 1584 877 1637 ab
899 1586 925 1636 h.
944 1583 961 1636 l.
1000 1584 1094 1635 Vtrum

59 1685 148 1723 utrum
169 1668 253 1739 lagae,
281 1666 422 1739 destrlnge
450 1683 475 1720 et
499 1669 646 1740 defringe,
676 1669 809 1728 ialemell.
830 1668 900 1742 quod
916 1686 988 1736 poto,
1015 1668 1095 1720 sume.

56 1752 151 1807 Potest
171 1768 258 1805 autem
283 1751 421 1823 distrlngl
441 1769 468 1806 et
488 1752 514 1805 id
536 1755 602 1813 dici.
632 1754 704 1825 quod
716 1754 783 1806 ferro
798 1754 962 1807 abscinditur.
1016 1755 1096 1806 l’orro

58 1837 201 1909 dfin'nge
223 1839 250 1890 iu
268 1837 334 1890 aliis.
370 1841 462 1909 platee
481 1836 552 1890 Gud.
593 1839 715 1891 Tandem
736 1853 784 1889 aue
792 1838 907 1907 summa
926 1837 1014 1892 Heius.
1037 1836 1097 1908 post

54 1926 201 1978 Pieriume
216 1924 337 1975 Romano
353 1941 378 1979 et
394 1923 450 1976 aliis
473 1923 664 1996 antiquioribus
680 1922 817 1995 praetulit5
843 1942 904 1977 cum
919 1924 1019 1978 editum
1033 1921 1095 1978 effot

58 2024 113 2062 auc
128 2009 268 2080 summas,
288 2021 314 2060 vt
331 2007 358 2060 in
378 2027 429 2060 vno
448 2008 537 2062 Metal.
559 2025 586 2063 et
605 2007 658 2062 Eis,
680 2007 781 2080 legitur.

55 2146 166 2203 menei
186 2145 306 2222 rapina
330 2176 374 2188 -
406 2146 484 2202 vitis
511 2177 554 2190 -
596 2144 680 2216 velis,
706 2164 773 2205 non
788 2165 826 2205 ex
845 2143 1000 2224 superiore
1021 2145 1090 2202 vitis

57 2247 135 2306 odic
162 2260 195 2304 ee
221 2244 383 2324 ootylum,·
414 2247 451 2302 ni
476 2266 554 2324 pto·
596 2264 683 2327 parte
697 2247 848 2328 petendos
863 2243 923 2306 elle
938 2250 997 2305 ait:
1026 2263 1091 2304 me·

57 2350 118 2408 cul
133 2346 247 2422 absint,
268 2342 366 2422 tristis
386 2359 419 2402 ee
439 2366 552 2424 aegra.
595 2350 652 2411 lius
668 2398 670 2402 Α
687 2355 770 2412 enim
800 2351 993 2430 proueniunt
1028 2344 1092 2405 sur·

126 2469 195 2528 299.
221 2450 292 2510 300.
320 2446 463 2526 flagella
486 2449 554 2510 sunt
596 2453 672 2526 ouli,
715 2475 751 2514 ex
787 2449 984 2512 inferioribus
1022 2448 1091 2506 vitis

15 2631 20 2636 ὁ
52 2556 167 2613 vitium
200 2555 355 2610 minorum
387 2549 554 2611 sarmento-
594 2554 730 2635 partibus
782 2553 893 2614 sumti:
956 2551 1090 2635 ¹Tantus

51 2676 129 2715 rum
155 2656 268 2732 capita,
303 2656 336 2711 iu
360 2652 471 2733 quihus
493 2673 552 2711 vua
594 2676 689 2713 amor
709 2671 834 2730 terrae,
861 2655 940 2714 adeo
964 2671 1087 2733 magna,

49 2755 204 2823 nascitura
228 2758 344 2813 maiora
365 2759 464 2834 capita
485 2753 553 2814 funt
594 2757 724 2817 notabili
745 2758 847 2838 aliqua
867 2754 1088 2815 consuetudine

50 2859 180 2939 palmae
200 2855 251 2916 seu
271 2856 421 2935 palmites.
465 2857 551 2915 Varr.
595 2860 709 2918 telluris
739 2871 884 2916 tenentur
911 2857 981 2914 illae
1010 2854 1089 2913 infe-

49 2961 86 3032 1,
110 2962 169 3031 31,
190 2961 220 3021 3.
265 2957 342 3015 Cum
365 2955 428 3038 ipse
449 2961 551 3017 vinea·
594 2964 689 3020 riores
710 2973 829 3040 partes,
868 2972 901 3015 vt
928 2957 1088 3016 laetiorem

51 3081 127 3121 rum
168 3059 365 3124 colendarum
399 3064 551 3125 rationem
593 3061 762 3122 vbertatem
785 3060 822 3120 ala
844 3063 908 3133 iis,¹
933 3078 1026 3141 quam
1049 3076 1086 3116 ex
1195 3079 1198 3085 ·

51 3162 138 3222 haud
155 3163 291 3233 calleant,
313 3182 467 3241 apponam
485 3184 551 3223 ver·
593 3163 713 3224 summis
735 3162 888 3245 partibus,
926 3173 1086 3239 expectare

49 3265 168 3326 borum
182 3265 378 3336 sementiam,
406 3286 463 3324 vna
481 3287 550 3324 cum
592 3263 692 3347 pollis.
735 3268 776 3325 At
798 3264 848 3322 alii
865 3283 936 3321 cum
949 3261 1085 3350 Martiuo

50 3367 174 3427 iudiciis
202 3388 327 3440 eorum,
376 3371 429 3448 qui
456 3366 550 3449 ipsam
592 3368 631 3427 ad
647 3369 709 3429 duo
729 3381 894 3449 praecepta
913 3364 1016 3424 looum
1036 3379 1085 3417 re·

51 3483 152 3531 erlem
212 3468 404 3548 profitentur.
488 3471 551 3529 Aut
593 3470 724 3550 digunt:
795 3471 942 3540 alterum,
998 3459 1085 3542 quod
1129 3482 1132 3488 ’

50 3587 236 3650 virumque,
256 3571 550 3652 flagellassumma
591 3570 760 3652 posteriore
786 3572 857 3631 loco
884 3578 1081 3636 memoratur,
1150 3586 1152 3599 ·

49 3688 185 3756 petere,
219 3687 250 3732 et
269 3673 404 3753 plantas
416 3675 550 3750 summa
591 3674 722 3739 surculos
766 3695 801 3733 ex
850 3671 964 3731 summa
1012 3669 1080 3724 vitia
1151 3604 1180 3755 l

51 3797 97 3835 ex
107 3775 229 3834 arbore
237 3774 446 3854 destringere,
455 3797 548 3836 vnum
589 3791 676 3858 parte
712 3797 779 3837 non
811 3771 871 3835 effe
910 3769 1079 3853 petendos:

50 3877 201 3958 idemque
225 3875 284 3950 est,
323 3877 464 3939 eutium
486 3879 548 3940 duo
590 3894 649 3937 ατιι
694 3880 794 3955 (nunc
822 3881 879 3936 erit
907 3894 964 3953 pro
994 3869 1078 3951 nec)

15 4053 20 4072 1
50 3970 183 4041 diuersa.
228 3981 259 4039 Si
279 3996 441 4064 utrumque
463 4003 551 4063 prae·
581 3981 716 4058 flemma
749 3979 909 4058 destringe
945 3993 987 4031 ex
1026 3991 1080 4028 ar·
1166 3993 1174 4008 ·

52 4098 181 4163 ceptum
206 4084 336 4145 eandem
363 4107 427 4147 rem
451 4086 550 4145 decla·
594 4082 672 4141 bore
690 4084 843 4164 plantas:
867 4079 1011 4136 alterum:
1034 4076 1081 4150 ip·

50 4201 118 4248 rat:
142 4185 288 4262 lutculos,
320 4210 397 4274 quos
418 4186 551 4270 defigere
591 4185 693 4249 lorum
719 4185 906 4251 famulorum
933 4175 1081 4240 summam
