2700 4906
148 138 158 169 t

177 200 188 239 b

137 387 141 393 ,
172 398 176 405 ,
240 309 597 397 ,onouorcou
619 313 810 404 urnrv,
834 308 1045 400 tat-raa
1128 311 1203 412 753

139 608 142 613 y
163 502 319 599 Iamque
339 468 478 599 pedem
490 497 655 575 referens
671 499 770 576 casus
789 496 954 581 euaserat
970 503 1104 593 omnis,
1128 498 1202 586 485

162 628 403 735 Redditaque
422 633 607 728 Eurydice
629 631 775 735 superas
796 633 969 709 veniebat
986 634 1035 707 ad
1059 660 1177 727 auras,

161 770 271 845 Pone
293 767 468 870 sequeus3
499 793 665 869 namque
683 769 783 844 hanc
804 767 961 841 dederat
984 768 1203 871 Proserpina

782 900 924 1000 legem3

160 1038 292 1133 Quum
317 1033 433 1109 subita
453 1037 646 1108 incautum
667 1034 856 1111 dementia
877 1036 978 1134 cepit
998 1053 1197 1131 amantem,
1299 1076 1302 1081 ·

225 1183 279 1284 486
298 1215 340 1270 ad
354 1235 421 1269 orat
428 1213 536 1268 Vrutisl.
551 1211 603 1267 vid.
619 1211 653 1265 ad
667 1214 700 1274 11,
713 1223 756 1283 47.
827 1217 878 1282 488
887 1214 987 1284 subito
998 1213 1109 1269 Mantel.
1125 1215 1197 1271 Gud.

160 1317 177 1353 ι
193 1318 230 1354 m.
246 1320 286 1374 pr.
309 1302 408 1373 Regina
421 1318 437 1353 a
451 1319 487 1357 m.
503 1298 562 1361 sac,
579 1298 644 1353 itam
658 1299 738 1353 Rom.
754 1299 850 1374 aliique
861 1301 947 1353 Pierii.
988 1309 1061 1371 cepit
1076 1320 1200 1357 amorem

157 1440 363 1517 pronuntiare
378 1452 482 1499 autem
500 1450 658 1516 tamquam
699 1429 814 1506 a‘Zeio
832 1466 876 1483 -·
907 1428 962 1501 rob
980 1431 1092 1519 τροχόν
1113 1434 1199 1502 dardi.
1255 1514 1258 1521 f

158 1558 196 1598 ex
217 1539 320 1599 edicto
334 1535 483 1601 modestia
500 1535 657 1619 prohibet.
699 1557 786 1618 νητον
805 1529 1025 1610 κατεσκεύασε,
1046 1539 1131 1621 quod
1147 1561 1197 1622 ap.

155 1641 413 1724 Relinquendum
459 1636 519 1701 esso
563 1639 657 1700 video
698 1635 800 1698 Schol.
827 1636 918 1698 Pind.
947 1639 970 1703 1.
1000 1660 1025 1699 c.
1054 1639 1196 1705 habetur.

155 1742 282 1805 lectoria
308 1743 435 1817 iudicio,
475 1755 575 1804 vtram
607 1761 657 1801 ra·
677 1759 679 1762 ’
698 1739 845 1800 Ceterum
861 1761 898 1801 ex
912 1743 959 1815 iis,
989 1761 1069 1824 quae
1090 1742 1195 1808 Schol.

155 1849 278 1907 tionem
292 1845 463 1928 praeferat:
484 1843 654 1905 Meierotto
696 1842 823 1905 Pindari
844 1844 878 1904 P.
903 1863 939 1917 ε,
961 1849 1003 1921 4ο
1040 1865 1077 1905 ex
1095 1844 1196 1909 Ascle·

153 1950 297 2028 'priorem
343 1944 586 2027 amplectebatur
621 1949 656 2006 in
691 1942 788 2023 ¹piade
808 1947 843 2008 to
864 1946 924 2015 τοῖς
945 1947 1195 2030 τραγῳδουμένοις

152 2048 267 2111 Dubiis
283 2060 354 2130 pag.
373 2068 421 2110 12.
463 2047 504 2107 Et
518 2043 559 2108 sic
579 2047 655 2107 alius
695 2048 837 2126 repetiit,
860 2062 1006 2127 apparet,
1027 2051 1128 2128 prima
1146 2051 1194 2111 sa-

154 2154 362 2240 amplectetur
413 2146 526 2218 aliam
585 2146 656 2211 sunt
696 2145 787 2207 bulae
812 2143 942 2207 stamina
970 2168 1008 2208 ex
1035 2169 1075 2210 eo
1100 2149 1192 2214 ducta

153 2259 241 2316 enim
292 2258 328 2315 in
379 2253 653 2333 interpretatione,
696 2246 774 2322 effe,
824 2247 910 2331 quod
932 2248 1073 2310 Ixionem
1104 2267 1192 2316 vetus

152 2378 249 2442 quarn
283 2353 455 2416 interdum·
487 2352 655 2414 diuinatio-
694 2364 790 2432 poeta
816 2350 954 2431 procella
976 2349 1139 2435 abreptum
1160 2372 1193 2420 et

152 2478 230 2522 nam
259 2461 361 2520 verius
390 2455 517 2529 dixeris,
561 2459 654 2515 innu-
695 2457 730 2512 in
763 2451 926 2513 Tartarum
955 2458 1192 2537 praecipitatum

105 2562 110 2582 ¹
150 2581 256 2635 mera,
286 2579 367 2642 quae
388 2579 426 2619 ex
446 2555 501 2618 suo
522 2561 653 2641 quisque
696 2569 804 2618 ornate
844 2554 978 2620 dixerat:
1041 2553 1099 2622 t‘nri
1132 2556 1191 2646 γαέρ

150 2661 240 2726 sensu
261 2657 425 2722 constituat
447 2663 482 2719 in
499 2662 534 2720 iis
540 2702 550 2734 ,
571 2680 652 2744 quaa
695 2654 772 2738 δίνης
816 2656 868 2719 atos
909 2654 1062 2726 ,θυελλῶν
1100 2658 1191 2729 αὐτὸν

150 2785 211 2847 per
253 2779 423 2846 praecepta
466 2764 583 2822 critices
622 2775 654 2824 et
695 2753 935 2844 ἐξαρπασθέντα
960 2757 1130 2846 φθαρῆναι.

150 2865 401 2928 hermeneuticer
423 2866 555 2927 nonita
578 2882 653 2924 con·
698 2925 700 2929 ,

151 2965 334 3042 siituuntur,
371 2980 405 3026 vt
426 2968 513 3026 omni
534 2963 653 3026 dubita·
735 2961 808 3040 485.
827 2960 942 3029 Mirum
958 2965 991 3025 in
1010 2961 1094 3050 seqq.
1115 2985 1188 3030 nar-¹

150 3074 233 3132 tioui
259 3072 380 3131 occurri
404 3063 505 3149 possit.
567 3067 652 3150 Quid
693 3067 822 3127 rationis
842 3063 1017 3129 artificium:
1044 3070 1188 3151 quodsa-
1242 3111 1244 3115 >

149 3176 247 3256 igitur
260 3168 314 3246 est,
330 3170 417 3254 quod
431 3171 509 3230 alter
522 3170 652 3232 alterum
693 3167 751 3227 cilo
774 3165 903 3241 sentias,
929 3164 953 3229 si
972 3169 1010 3228 ad
1031 3172 1189 3256 vulgarem

149 3274 335 3349 insectatur,
377 3273 452 3334 odio
480 3273 650 3335 Vatiniuno
692 3267 914 3330 sententiarum
940 3262 1119 3336 iuncturam*
1138 3298 1188 3339 re-

149 3380 305 3461 exagitat,
325 3375 462 3459 sugillat,
492 3397 560 3435 uon
579 3375 654 3454 mis·
693 3390 785 3434 voces
801 3377 984 3438 orationem.
1023 3377 1114 3461 Legis
1134 3399 1188 3467 gu,

139 3479 231 3560 sura
255 3492 362 3538 autam
377 3475 437 3553 nist
456 3477 559 3557 plena
580 3498 653 3536 cru«
693 3488 774 3549 tem,
806 3495 848 3538 ne
864 3475 1035 3556 respiceret,
1066 3487 1188 3566 excogi-

150 3583 219 3643 on's
238 3577 380 3640 hirudo!
430 3577 549 3641 Debuit
569 3593 652 3644 certa
693 3577 806 3638 undae
830 3574 986 3641 confilium
1007 3600 1045 3641 ex
1069 3584 1187 3667 vulgari

148 3699 203 3745 aut
226 3679 288 3746 effe
309 3694 362 3742 aut
381 3678 457 3764 fingi
479 3676 578 3746 caussa
599 3681 653 3741 ali
692 3675 904 3760 superstitione
936 3680 1096 3744 subnatum
1125 3683 1186 3749 effe

149 3807 213 3872 qua
218 3829 230 3860 ,
269 3805 324 3846 cur
345 3798 415 3844 rota
439 3789 473 3847 in
495 3783 651 3848 turbinem
693 3781 825 3855 videtur,
845 3803 916 3846 cum
930 3803 979 3846 res
994 3786 1184 3867 auersandas,

150 3893 427 3972 circumagereturg
463 3890 549 3969 atqui
570 3907 649 3970 quae
691 3888 785 3946 etiam
807 3888 841 3948 in
861 3883 947 3947 sacris
968 3893 1109 3971 magicis,
1136 3911 1186 3952 re.

150 3985 252 4052 caussa
272 3991 370 4073 magis
390 3988 522 4064 idonea,
557 4009 650 4073 quam
690 3985 806 4068 spicere
850 3987 1051 4070 vetabantur3
1099 3993 1185 4075 quod

149 4092 291 4176 procella
318 4106 351 4154 et
379 4091 546 4154 vorticosus
575 4111 650 4153 ven·
690 4092 752 4152 iam
786 4090 885 4177 Corda
927 4089 1034 4168 sensit,
1090 4117 1184 4180 quem

150 4201 219 4259 tus!
250 4196 326 4261 Non
346 4198 429 4260 euim
448 4195 516 4261 satis
539 4190 582 4259 ost
603 4181 648 4262 ‘irc
689 4193 761 4259 ride
783 4209 815 4259 et
835 4193 899 4278 sup.
921 4194 985 4264 Ecl.
1006 4196 1090 4272 vul,
1114 4219 1184 4266 roa.
