2700 4906
223 331 301 406 ne
326 331 600 431 ¹annuunt:
636 337 934 418 svcomoo
1056 372 1104 425 ιι

66 521 96 593 ὀ
111 514 349 618 nostratibus
371 522 417 591 in
441 520 518 594 lzoc
533 548 658 623 genus
679 525 933 606 inuolarunt,
948 527 1106 623 saltern

10 672 12 695 ¹
70 636 264 729 vertendis
291 679 345 724 ac
363 658 582 754 repetendis
604 662 776 757 antiquis
801 664 1004 760 ingenium
1029 692 1100 764 op-

67 791 234 894 probare
270 804 475 885 poterant.
539 792 660 864 Nunc
685 791 780 886 sere
813 796 996 865 taedium
1026 800 1097 892 fa-

69 934 189 1004 ciunt,
242 925 315 1022 qui
335 926 479 995 centies
498 924 610 995 dicta
629 942 829 1023 repetunt,
877 931 1097 1027 quaedum

67 1055 265 1163 ingeniofie
285 1059 451 1126 variare
468 1056 630 1137 volunt,
667 1061 709 1129 in
730 1065 910 1160 argutias
931 1079 971 1133 et
989 1063 1098 1158 lusus

64 1197 255 1269 incidunt.
305 1191 520 1262 Romanae
539 1196 635 1264 artis
655 1197 817 1265 omnino
837 1222 921 1270 non
943 1200 1093 1296 exigua

63 1356 146 1431 pars
167 1333 214 1399 in
236 1350 284 1395 eo
310 1323 606 1405 continebatur,
647 1343 711 1406 vt,
749 1354 855 1428 quae
874 1355 903 1400 a
927 1329 1091 1404 Graecis

63 1460 240 1536 naturali
258 1458 401 1558 aliqua
425 1486 516 1530 curn
537 1456 741 1555 venustate
761 1479 799 1533 et
820 1462 953 1561 lepore
976 1467 1089 1537 dicta

61 1601 306 1695 acciperent,
343 1619 394 1664 ea
415 1593 718 1689 orationissuae
740 1596 956 1694 dignitate,
993 1626 1089 1698 gra-

61 1737 202 1808 vitate,
247 1751 300 1797 ac
326 1731 446 1825 copia
471 1743 670 1799 ornarent.
735 1731 824 1799 Hoc
854 1756 978 1800 vnum
1005 1756 1092 1803 mo-

58 1863 175 1942 nebo,
217 1856 292 1954 nrst
311 1865 555 1940 memineris,
598 1865 642 1934 in
667 1861 838 1960 Virgilio
863 1862 956 1961 plus
978 1867 1087 1942 artis,

57 2003 97 2069 in
128 1997 343 2069 Theocrito
382 1993 475 2094 plus
508 1998 675 2065 natiuae
709 1994 951 2094 elegantiae,
999 1991 1084 2091 effe,

57 2149 94 2204 te
111 2158 195 2203 non
217 2130 361 2199 mirari
384 2153 468 2223 non
486 2124 612 2226 poffe,
652 2153 744 2199 curn
763 2128 921 2205 videns,
960 2129 1084 2199 etiam

53 2258 400 2364 praesmntiffimos
426 2287 477 2332 en
506 2262 584 2332 hoc
606 2287 752 2362 genere
780 2277 927 2360 poetas
952 2280 1083 2336 recen-

56 2407 202 2472 tiorum
238 2414 463 2496 temporum
500 2394 716 2495 Virgilium
752 2390 928 2491 maluiffe
962 2391 1080 2490 sequi

56 2560 175 2633 qitarn
206 2533 474 2603 Theocritum.
531 2529 641 2602 Artis
659 2532 815 2630 scilicet
836 2529 995 2626 semper
1007 2523 1079 2619 fa-

58 2669 165 2738 eilior
197 2669 397 2751 imitatio;
439 2662 667 2737 naturalem
706 2661 947 2767 venustatem
977 2658 1081 2760 diffi-

57 2801 198 2873 tillime
222 2794 438 2897 affequare.

140 2935 268 3038 Quod
288 2933 348 3003 ad
365 2929 649 3032 descriptionem
672 2947 711 3003 et
731 2929 991 3004 oeconomiam
1009 2923 1078 2996 hu*

54 3077 105 3146 ius
136 3068 315 3144 caminis
345 3069 506 3144 attinet,
558 3069 673 3138 unrie
702 3089 753 3136 ea
781 3059 942 3159 quidem
972 3052 1077 3152 inflia

54 3212 107 3278 tui
132 3197 289 3304 potest,
335 3196 495 3297 semper
526 3216 662 3271 tamen
685 3191 952 3293 spectandum
985 3191 1078 3270 hoc,

54 3358 91 3410 ut
112 3365 164 3411 ea
185 3329 434 3435 potiffimum
461 3337 567 3403 ratio
599 3359 649 3403 ae
676 3333 748 3399 uia
776 3329 955 3404 ineatur,
993 3351 1080 3425 qua

55 3477 231 3545 maxima
255 3465 444 3565 voluptas
473 3465 635 3566 legentis
662 3464 799 3532 onimo
827 3455 964 3559 afferri
986 3457 1080 3558 pos-

50 3604 110 3701 lli
149 3609 265 3679 cuius
286 3601 450 3701 quidem
469 3602 528 3671 rei
548 3625 592 3669 eo
617 3596 850 3694 diligentiae
870 3595 977 3662 ratio
1003 3592 1075 3662 lia·

58 3738 174 3813 tendo
206 3735 284 3836 est,
340 3733 453 3834 quod
481 3732 595 3804 liuius
623 3730 809 3801 carminis
840 3723 1078 3823 simplicitas

60 3892 87 3943 et
117 3873 327 3947 humilitas
364 3867 564 3937 interdum
603 3867 650 3937 in
693 3862 913 3944 militatem
951 3857 1078 3937 abire,

62 4006 137 4084 lenis
160 4029 198 4087 et
229 4002 372 4083 mollis
401 4015 514 4071 tenor
540 3997 748 4100 languere,
782 3995 902 4098 solet.
966 3995 1078 4068 Raro

64 4144 173 4245 itaque
191 4157 330 4249 poeta
360 4134 562 4208 narrantis
586 4148 659 4207 aut
679 4126 926 4230 describentis
947 4142 1081 4231 partes
