2700 4906
577 36 615 105 0

625 122 655 197 i

188 239 266 385 Ι488
391 288 710 366 'P.VIRG1L11
735 286 1001 363 MARONIS

188 485 345 582 Saepius
362 477 411 550 ad
426 481 565 576 capita,
597 494 635 548 et
656 474 771 547 duros
788 479 926 548 iactare
949 471 1138 575 bidentis5
1164 470 1235 559 355

188 621 265 692 Aut
285 610 408 715 prelio
436 636 612 685 exercere
636 607 754 681 solum
774 604 838 680 sub
861 631 1036 698 vomere,
1075 605 1213 708 etipsa

187 750 356 824 Flectere
378 746 551 821 luctantis
572 749 670 816 inter
695 746 819 816 vineta
843 745 1043 815 iuuencos.

187 887 289 957 Tum
312 883 406 956 leuis
435 879 599 955 calamos
623 896 660 951 et
680 874 781 950 rasae
799 872 940 947 hastilia
969 880 1099 975 virgae

186 1019 460 1115 Fraxineasque
486 1031 613 1113 aptare
641 1009 747 1084 sudes
769 1009 972 1110 furcasque
995 1010 1180 1084 bicornis:

255 1229 306 1285 356
326 1247 388 1282 cum
402 1245 519 1280 uomere
535 1225 619 1278 Goth.
634 1243 692 1298 pr.;
718 1242 744 1277 et
758 1223 793 1280 fic
811 1220 871 1278 edit.
886 1237 948 1279 vett.
1032 1225 1087 1280 35⁸
1105 1224 1224 1279 emitte

185 1313 255 1368 Ven.
324 1312 375 1383 359
395 1333 449 1384 que
470 1330 531 1364 anie
554 1327 654 1380 aptare
675 1310 747 1364 abest
762 1312 789 1363 in
803 1311 894 1380 fragm.
910 1312 1009 1363 Moret.
1034 1325 1061 1363 et
1076 1311 1142 1382 1105.
1159 1311 1223 1365 Mat·

184 1401 242 1454 tini.
284 1400 378 1451 trabes
399 1416 446 1468 pro
466 1397 558 1465 sudus
578 1397 666 1448 Franc.
699 1395 860 1469 furcasque
882 1398 1013 1449 valentes
1033 1395 1137 1450 Medic.
1156 1392 1220 1450 Gub-

185 1499 212 1537 et
231 1482 265 1535 ad
287 1484 425 1535 minimum
446 1483 488 1534 sex
509 1483 553 1534 alii
576 1483 646 1553 apud
661 1482 767 1542 Heius„
787 1479 841 1533 duo
857 1482 928 1552 apud
942 1482 1070 1543 Martia..
1089 1499 1117 1536 et
1131 1482 1220 1536 Ro'mt·

182 1584 233 1622 nus
249 1561 310 1622 cuin
331 1569 431 1641 aliquot
452 1566 508 1620 aliis
524 1585 566 1638 ap.
586 1568 707 1620 l’ierium.
743 1567 845 1619 Mireris
862 1565 1067 1620 inconstantiam
1087 1567 1218 1622 doctorum

183 1655 298 1708 vitorum
306 1691 315 1716 ,
344 1655 387 1728 qui
410 1652 564 1707 vetustatem
586 1670 616 1704 ac
636 1651 786 1705 consensum
804 1652 929 1703 librorum
945 1651 1028 1703 modo
1043 1654 1119 1706 omni
1131 1650 1217 1707 mioni

184 1741 290 1794 criticae
314 1739 475 1800 anteferunt.
526 1738 608 1789 modo
634 1737 672 1789 vel
699 1737 789 1789 leuiori
817 1735 918 1789 cuuffue
949 1737 1127 1808 postponunt.
1173 1738 1217 1791 Hic

182 1825 315 1880 valentes
345 1823 418 1877 haud
443 1823 522 1876 dubie
546 1823 659 1875 maxima
682 1822 762 1875 habet
784 1821 927 1893 pr'aefidia,
981 1820 1114 1877 bicornes
1143 1822 1215 1878 [olm

697 1954 701 1975 t

180 2003 240 2081 p'ro
276 1997 398 2059 surculis
434 1992 547 2058 defixis.
600 1996 678 2056 Piin.
722 1992 802 2091 (ium
828 2005 920 2052 terra
943 1996 1142 2072 transuersis
1160 1992 1211 2057 ai·

180 2100 520 2172 xV11,22.s.55,21
559 2100 678 2178 ponito
719 2094 882 2176 versuque
899 2097 1007 2172 sulcis
1024 2099 1211 2180 proscindu-

181 2187 220 2264 iri
247 2199 370 2279 scrobe
403 2214 464 2257 aut
500 2201 536 2256 iu
563 2199 679 2275 sulco,
720 2214 784 2257 tur.
834 2197 876 2257 ld
893 2220 1000 2277 gertus
1022 2204 1133 2262 vineti
1152 2221 1210 2262 uon

185 2307 378 2385 operitoque
399 2314 432 2357 ot
458 2298 541 2357 beue
570 2300 677 2358 occul·
719 2299 873 2360 conducit
914 2305 1106 2380 agricolae,
1158 2301 1209 2379 rifi

182 2421 264 2465 tato.
316 2400 477 2463 Fodiendo
507 2416 588 2462 terra
622 2401 677 2460 de·
720 2402 778 2461 vbi
818 2400 985 2480 luetiffimo
1021 2407 1102 2483 solo
1141 2408 1208 2466 vitis

182 2505 317 2567 ducitur
333 2505 380 2564 ud
398 2508 527 2587 capitu,
554 2504 678 2562 adduci·
720 2506 828 2586 amplo
856 2509 1062 2566 incremento
1086 2531 1147 2566 cou
1163 2528 1204 2565 ur·

183 2625 248 2681 tur,
285 2613 455 2690 aggeritur,
495 2606 534 2665 ud
560 2606 676 2667 radices
717 2612 776 2686 git.
805 2609 842 2667 cf,
863 2609 940 2667 Plin.
960 2611 1060 2682 XVII,
1079 2633 1131 2684 22,
1145 2613 1202 2670 sect.

181 2713 240 2790 (cf.
257 2713 401 2790 Seruius)
422 2707 444 2768 fi
465 2709 588 2791 quidem
612 2724 676 2767 ter·
718 2713 770 2782 55,
797 2731 834 2768 22
901 2713 1123 2772 luteruallum
1151 2711 1203 2789 ius·

180 2835 220 2873 ra
241 2811 458 2895 coaequanda
477 2809 520 2888 est
538 2815 675 2890 gemmis
716 2826 784 2868 tum
800 2810 966 2884 arborum,
976 2813 1011 2887 si
1027 2831 1145 2872 aretur
1154 2815 1201 2890 so·

177 2917 389 2977 extantibus:
423 2915 543 2974 Colum.
565 2915 618 2986 lV,
642 2917 672 2987 5,
714 2914 797 2986 lum,
838 2914 894 2972 XL
925 2915 1051 2995 pedum
1079 2917 1143 3000 sqq.
1166 2945 1200 2961 -·

176 3041 207 3087 2.
226 3023 256 3082 5.
300 3022 428 3076 iactare
448 3015 596 3074 bidentes
615 3017 673 3076 sos·
714 3017 786 3093 557.
817 3018 905 3072 iuter
925 3021 1058 3085 uineta,
1092 3035 1124 3078 vt
1144 3038 1199 3076 are·

173 3120 291 3183 [ionem
322 3124 463 3200 exprimit
497 3120 606 3179 adacto
635 3119 670 3177 li-
713 3131 762 3174 tur
784 3122 864 3176 inter
888 3122 993 3175 vitium
1018 3121 1153 3193 ordines,
1173 3133 1198 3176 tt

174 3244 267 3306 gone.
325 3224 445 3282 Colum.
471 3223 533 3294 IV,
565 3230 618 3298 14,
653 3244 665 3281 1
711 3214 827 3277 inuersa
856 3234 957 3279 aratro
986 3236 1068 3282 terra
1098 3223 1194 3306 glebae

173 3326 362 3406 Insequitur
393 3322 512 3380 deiude
541 3323 666 3401 soſjbr,
710 3326 860 3402 utrimque
884 3321 982 3381 versus
1014 3329 1091 3387 vites
1113 3325 1195 3386 iniur-

172 3430 232 3508 qui
261 3424 373 3485 crebris
402 3423 577 3482 bidentibus
612 3446 667 3482 ue·
708 3440 791 3505 gant.
835 3424 915 3480 Num
935 3422 1026 3497 olim,
1050 3435 1192 3489 vtetiim·

147 3527 318 3610 ¹qualiter
354 3541 387 3584 et
423 3529 573 3585 minutim
594 3527 667 3603 soli
706 3545 781 3585 num
799 3526 943 3598 inltalta,
966 3531 1064 3601 (conf.
1082 3533 1190 3611 Spence

171 3644 267 3706 terga
286 3644 468 3691 conuertat.
705 3628 856 3711 Polymet.
879 3649 911 3708 p.
936 3631 1010 3710 255)
1039 3634 1121 3692 inter
1138 3651 1191 3690 me·

210 3748 284 3810 356,
307 3749 426 3808 Colum„
443 3748 496 3816 111,
517 3744 555 3809 13
589 3744 663 3804 Am
705 3728 771 3790 dios
793 3733 897 3788 vitium
913 3745 965 3787 aut
980 3732 1133 3793 oliuarum
1148 3752 1190 3794 or·

161 3851 337 3928 scrobibus
353 3866 414 3911 aut
422 3851 528 3928 fitlcis
543 3851 662 3905 vineae
704 3832 808 3904 dines,
840 3835 905 3913 “gri
928 3832 1105 3895 arubamur.

162 3956 356 4037 plerumque
376 3953 660 4028 conseruntur,—
743 3952 921 4012 358--561.
949 3951 1000 4010 De
1015 3953 1188 4032 pedatim

165 4059 223 4117 vel
243 4074 358 4118 aratro
385 4057 441 4114 uel
457 4053 590 4113 bidente
609 4057 659 4111 iu·
700 4054 819 4110 vitium
842 4068 873 4111 et
894 4053 1069 4130 iugatiou'e
1091 4058 1128 4115 ud
1150 4058 1186 4114 ti·

154 4159 273 4239 sfiuut
297 4189 336 4205 -
370 4173 407 4238 vt
435 4177 527 4218 more
554 4177 657 4214 noua-
700 4171 754 4233 tes,
771 4175 837 4216 non
852 4159 1007 4231 maritatas
1023 4157 1184 4237 arboribus,
