2700 4906
170 316 243 398 tto
374 304 689 380 evruorru
719 304 985 382 Minoris
1079 276 1084 285 '

167 495 356 575 Auxilium
368 498 487 584 venit,
516 518 559 566 ac
573 492 750 566 membris
766 496 841 594 agit
855 511 935 564 atra
949 516 1111 567 venena.
1140 494 1204 568 130

105 644 106 648 ’
167 633 246 734 Ipsa
264 636 393 729 ingens
423 629 534 700 arbos
560 626 770 727 faciemque
796 625 978 700 fimillima
1002 626 1133 719 lauro,

166 772 231 858 Et,
270 765 296 838 [i
318 788 397 836 non
417 762 531 834 alium
554 761 629 837 late
649 767 804 836 iactaret
826 760 1003 853 odorem,

165 907 308 976 Laurus
332 914 445 972 eratt·
474 894 566 968 folia
584 895 686 969 haud
706 895 785 969 vllis
809 894 973 968 labentia
991 901 1133 986 ventis;

165 1039 250 1114 Flos
268 1033 316 1107 ad
337 1036 456 1132 prima
480 1048 611 1104 tenax:
659 1033 800 1103 animas
825 1048 863 1103 et
883 1030 1026 1103 olentia
1048 1029 1157 1104 Medi

166 1175 244 1247 Ora
270 1169 403 1244 fouent
432 1163 517 1255 illo,
566 1184 604 1237 et
635 1163 779 1239 senibus
815 1163 1054 1237 medicantur
1089 1164 1200 1279 unhe-¹

783 1297 840 1370 lis.
1134 1298 1198 1371 155

223 1431 299 1511 Sed
320 1454 446 1530 neque
469 1429 688 1522 Medorum,
711 1428 824 1505 [iluae
846 1429 1033 1522 ditiss'nna,
1059 1450 1174 1548 terra,

230 1646 279 1699 130
299 1651 410 1714 agitata
424 1641 531 1696 Vratisl.
611 1644 656 1696 131
675 1642 819 1714 sorteque
836 1658 943 1715 vterque
965 1643 1058 1696 Mead.
1095 1651 1196 1698 'cruror

159 1727 337 1786 Medimni.
352 1747 390 1800 pr.
464 1730 511 1782 132
533 1742 657 1780 ructaret
677 1728 744 1779 Ven.
818 1731 864 1796 ¹34
887 1728 928 1782 od
945 1739 1042 1799 prima
1055 1731 1157 1784 Medic.
1172 1747 1195 1783 et

159 1816 309 1871 vetustiores
326 1815 402 1868 Pierii
424 1830 450 1868 et
470 1813 584 1873 Heinfii,
609 1815 673 1865 item
688 1828 738 1866 tree
760 1815 877 1868 Martini.
924 1817 956 1867 Iu
976 1815 1035 1868 aliie
1056 1826 1193 1885 opprima,

161 1910 296 1972 apprime.
376 1903 423 1954 135
443 1898 602 1951 medicatur
619 1899 686 1950 Ven.
765 1903 814 1954 136
835 1898 970 1970 ditr'ffima
992 1921 1084 1972 regna
1099 1902 1192 1955 Medic.

160 2006 230 2039 em.
252 1986 316 2047 see,
346 1985 548 2056 interpolatrice.
596 1983 776 2054 decipiebatur
805 1984 868 2037 olim
897 2001 922 2038 et
943 1986 1190 2058 interpungebetur:

159 2072 315 2142 Medorum
333 2069 444 2142 siluae,
470 2065 604 2140 dittffima
624 2084 715 2122 terra:
744 2071 780 2124 ite
799 2069 905 2141 languet
926 2070 1079 2143 eppofitum
1092 2074 1152 2125 hoc.

156 2253 304 2299 nepetae.
351 2241 419 2301 130.
440 2238 512 2315 agit
532 2234 574 2296 est
593 2242 655 2297 exi·
695 2238 720 2310 Ι,
738 2261 768 2310 2,
791 2237 931 2321 digrell‘ro
951 2245 985 2300 in
1005 2241 1115 2302 leudes
1134 2241 1189 2301 lte·

158 2345 214 2423 git,
236 2337 369 2419 expellit.
423 2343 490 2417 134.
511 2338 571 2397 Ad
584 2344 654 2420 pri·
695 2342 766 2414 liae,
797 2362 872 2423 quas
896 2341 1042 2402 [imilib'us
1063 2346 1187 2405 eliorum

157 2463 229 2513 ma,
251 2456 282 2499 vt
298 2443 473 2522 inprimis,
494 2463 567 2499 cum
584 2446 654 2521 pri·
696 2443 875 2524 scriptorum
899 2443 973 2502 locis
1001 2444 1135 2506 firmauit
1159 2461 1187 2506 et

155 2548 239 2613 mis,
273 2548 437 2625 apprime,
476 2550 558 2605 inter
579 2546 652 2605 elias
694 2544 852 2605 lllustrauit
898 2547 1009 2607 Cerdo.
1080 2550 1184 2630 Neque

155 2647 295 2708 arbores:
326 2668 392 2707 non
409 2646 652 2708 enilndecidunt
693 2650 798 2707 Media
807 2692 816 2720 ,
842 2649 928 2708 malis
945 2648 1001 2708 luis
1015 2651 1101 2724 felix,
1131 2671 1184 2710 nec

90 2792 94 2794 ψ
157 2747 249 2810 flores
272 2754 342 2812 cito.
385 2751 505 2810 Mederi
524 2751 651 2812 Parthos
692 2752 779 2810 india
794 2757 919 2831 proprie
936 2754 1029 2821 dicta,
1050 2755 1090 2814 ed
1105 2756 1184 2814 Gan·

155 2856 193 2913 iis
211 2857 313 2933 pomis
332 2854 561 2936 graueolentiae
578 2859 648 2927 oris,
692 2873 773 2934 gem,
812 2871 864 2912 eut
885 2834 1005 2936 Lydia,
1039 2861 1125 2915 cuius
1145 2852 1184 2916 est

153 2960 246 3031 etiem
263 2957 378 3016 Plinius
399 2960 519 3016 monuit
542 2957 611 3016 eod.
627 2957 647 3015 l.
692 2956 805 3015 aurifer
837 2956 949 3016 Huuius
980 2957 1131 3034 Hermus,
1165 2979 1181 3018 ο

154 3056 223 3138 post
235 3056 393 3139 Theophr.
443 3061 509 3120 155.
522 3059 648 3136 fouent
689 3056 820 3142 Phrygiae
836 3058 1033 3130 descendens,
1067 3078 1180 3120 etmor

149 3154 181 3220 h.
198 3177 315 3232 curant,
333 3155 554 3242 &eporeiam
577 3181 646 3218 curn
688 3181 757 3220 cum
789 3161 913 3220 Pactolo
946 3161 1062 3221 eodem
1094 3164 1178 3223 alueo

112 3259 114 3263 ’
149 3283 222 3322 mox
246 3259 450 3334 substituetur,
479 3261 646 3319 medicari·
686 3260 860 3340 profluens,
909 3283 968 3322 nec
1002 3265 1176 3336 Bactriano,

149 3373 214 3423 trtr.
258 3361 308 3422 Est
326 3366 409 3422 enim
429 3383 525 3442 genus
543 3385 642 3436 curae,
685 3384 787 3445 neque
803 3364 965 3445 Aethiopia
972 3409 983 3439 ,
1006 3383 1061 3427 eut
1079 3368 1102 3429 ti
1118 3390 1177 3429 me·

149 3464 332 3537 calefacere,
374 3462 499 3523 relicere
518 3467 642 3526 modico
685 3470 745 3538 vis,
785 3469 901 3549 reliqua
928 3470 1035 3541 India,
1078 3490 1175 3552 neque

149 3568 262 3639 calore,
285 3566 371 3650 quod
384 3570 510 3646 proprie
528 3564 571 3625 est
584 3568 643 3644 fo·
684 3567 794 3627 Arabia
818 3591 885 3629 cum
898 3572 985 3631 Italia
1005 3577 1174 3653 comparari

147 3691 245 3737 vere:
278 3668 349 3729 hinc
371 3670 460 3728 letius
486 3672 578 3729 etiam
601 3670 640 3730 de
682 3669 797 3749 potest;
818 3674 915 3733 multo
931 3679 1032 3734 minus
1044 3674 1172 3747 Colchis,

43 3766 50 3775 ’
148 3769 224 3833 aliis.
683 3770 820 3834 monstris
836 3776 954 3834 insumis
970 3798 998 3834 v.
1020 3787 1113 3855 140.-

194 3876 368 3953 136-176.
388 3875 531 3955 Sequitur
543 3871 639 3956 ligna·
739 3864 812 3938 136.
836 3878 922 3936 Patet
933 3877 1045 3952 stluae
1064 3876 1170 3957 ditiffi·

147 3975 271 4040 tiffimus
292 3978 393 4049 locus,
425 3998 492 4035 cum
515 4000 578 4059 quo
599 3980 636 4037 cf.
680 3997 750 4048 ma,
786 3981 974 4061 iungendum
999 3980 1079 4043 elle:
1105 3984 1170 4041 Me-

146 4083 225 4142 Plin.
240 4084 278 4144 H.
293 4082 331 4140 N.
345 4080 398 4140 lib.
413 4095 487 4140 extr.
510 4079 635 4163 Dionys.
679 4081 891 4162 dorumgterre,
914 4081 1056 4144 ditissirne
1069 4083 1167 4155 filuee,

145 4185 368 4260 Halic.1,36.
417 4183 516 4244 Verre
537 4181 574 4242 R.
598 4182 634 4241 R.
678 4180 708 4241 h.
732 4205 758 4244 e.
781 4184 938 4255 siluarum,
965 4207 1036 4268 pro,
1074 4187 1166 4247 melo·
