2692 4914
274 44 290 75 o
335 33 431 87 'lo'
859 34 885 73 1·
936 35 1010 117 κς..

342 330 633 407 nvcomcn
657 329 778 402 nnn.
798 281 1046 425 inste-u
1145 335 1211 465 ‘85

158 521 276 590 Lenta
301 515 391 589 salix
416 517 496 594 feto
519 524 670 627 pecori,
707 513 802 595 mihi,
820 508 919 587 tolus
937 521 1127 610 Amyntas.

156 676 193 785 ι).1
216 650 343 723 Pollio
380 673 480 727 amat
518 653 702 744 nostram,
756 651 929 750 quamuis
965 648 1016 724 est
1054 651 1199 748 rustic&

785 778 947 854 Musam:

217 976 253 1042 84
281 984 414 1046 quamuis
441 976 482 1049 est
506 978 596 1034 Heius.
622 998 638 1032 ο
664 977 744 1032 Rom.
772 973 875 1047 suisque
899 974 1064 1031 melioriburr
1104 995 1130 1032 tt
1151 977 1198 1034 litt

155 1069 337 1130 quantumuis
362 1061 486 1135 mastica,-
527 1085 599 1126 non,
627 1070 756 1134 quamuis
777 1059 824 1130 est.
867 1060 954 1133 Vulgo
971 1062 1030 1134 fit:
1058 1064 1131 1137 quod
1151 1085 1198 1139 po-

154 1146 241 1200 dabis
264 1148 354 1200 oratio
375 1147 501 1221 postulat.
536 1151 587 1205 ilii
608 1163 643 1201 et.

153 1316 187 1375 ef.
204 1316 244 1375 ad
259 1315 289 1387 1,
301 1337 353 1376 22.
374 1316 524 1388 arbutus.
546 1324 580 1378 in
594 1316 656 1376 lta·
698 1329 790 1392 quam
809 1327 923 1390 poetae
939 1312 1038 1374 nobili
1046 1356 1055 1384 ‚
1086 1318 1196 1377 iuuen-

153 1419 189 1478 lia
212 1418 308 1477 valde
331 1419 477 1500 frequens
505 1437 536 1481 et
558 1419 653 1480 obuia
697 1432 766 1472 cum
784 1415 930 1474 decernit.
974 1417 1049 1478 Non
1066 1439 1138 1478 vero
1160 1423 1196 1482 in

153 1521 251 1602 arbor,
276 1521 414 1580 fructum
425 1518 544 1583 bahem
560 1522 652 1604 lragir
695 1515 842 1575 alterutro
880 1515 990 1578 horum
1028 1539 1193 1582 munerum

150 1620 289 1695 fimilem,
312 1637 347 1681 vt
364 1628 540 1684 tenuiorum
557 1629 651 1683 victus
695 1617 911 1698 arg-utendum,
940 1618 991 1680 led
1008 1641 1056 1680 rer
1079 1605 1192 1703 simpli·

149 1723 203 1785 effe
238 1719 348 1806 poffit.
391 1745 421 1785 v.
450 1726 575 1786 Mania,
611 1725 651 1785 ad
695 1722 771 1777 citer
793 1719 832 1777 ad
860 1719 1020 1780 amoebaei
1048 1728 1190 1785 carminis

150 1828 262 1909 Georg.
292 1825 320 1896 l,
350 1829 417 1905 148.
481 1828 564 1888 Italis
589 1827 650 1888 dici
693 1836 835 1879 naturam
853 1822 1003 1904 exigenda
1022 1819 1081 1894 est,
1108 1846 1189 1900 cum,

147 1928 240 1990 [olent
273 1927 417 1987 Sorbole
446 1929 574 2011 peloso,
616 1945 650 1990 et
693 1924 779 2004 quod
794 1928 910 2003 primur
926 1922 1080 2006 poluillet,
1101 1928 1192 1990 alteri

148 2031 263 2092 Romae
273 2029 390 2105 ceraso
403 2035 540 2092 marine,
552 2034 648 2093 Fron.
692 2025 940 2107 amplificandum
957 2042 987 2087 et
1011 2030 1191 2110 augendum

146 2134 191 2194 des
213 2137 287 2194 eiua
310 2151 350 2191 ac
381 2133 455 2193 folia
485 2149 571 2218 grata
600 2154 648 2194 ca·
690 2123 773 2188 ellat.
817 2127 896 2187 Cum
911 2133 1016 2212 itaque
1038 2129 1090 2189 ille
1108 2130 1189 2190 iudi-

145 2236 236 2316 pellis‚
268 2232 336 2293 vid.
356 2234 474 2318 Georg.
495 2237 541 2296 111
548 2278 557 2306 ‚
573 2237 646 2300 300.
690 2249 758 2290 cem
793 2235 961 2291 carminum
995 2223 1027 2292 et
1059 2233 1188 2292 vitulam

146 2338 247 2398 tuma
270 2335 378 2394 Carm.
400 2336 426 2409 1,
449 2357 497 2417 17,
513 2341 544 2411 5,
566 2358 647 2421 quae
688 2329 840 2411 posuisset,
863 2330 913 2392 hic
935 2349 1064 2413 poetam
1085 2349 1118 2394 et
1140 2339 1188 2395 iu·

147 2442 248 2501 iisdem
272 2459 292 2498 a
316 2438 405 2498 lactis
420 2445 553 2501 materni
570 2439 647 2501 defi·
689 2455 818 2494 vencum
836 2451 1057 2496 commemorat
1073 2433 1187 2517 [impli-

147 2541 222 2603 derio
236 2542 400 2603 leuantur.
418 2542 564 2623 Calpurn.
579 2543 645 2603 Ecl.
688 2540 762 2596 citer
768 2579 779 2609 ,
802 2549 834 2594 vt
848 2534 908 2598 hoc
923 2554 955 2598 et
968 2539 1072 2598 iudicii
1088 2554 1119 2598 et
1136 2544 1186 2600 itt·

147 2642 177 2715 11,
204 2654 249 2723 47
290 2663 403 2702 nouas
439 2659 477 2702 vt
510 2667 646 2722 carpere
687 2643 770 2720 genii
790 2645 962 2718 praemium
984 2638 1043 2700 elle
1059 2638 1182 2702 debeat.

142 2745 278 2825 frondes
301 2745 506 2824 eondiscanc
523 2783 563 2794 —
594 2749 645 2806 Ne
685 2743 809 2823 Alioqui
824 2742 923 2802 Ruaei
938 2762 1003 2802 non
1024 2741 1182 2823 inelegans

149 2845 276 2928 depulsa
295 2868 405 2925 vagos
425 2864 566 2932 qtraerat
586 2851 643 2928 fe·
686 2849 862 2904 coniectura
879 2842 930 2914 eii,
952 2847 1005 2924 qui
1021 2858 1059 2901 eo
1076 2845 1183 2922 respici

149 2963 211 3010 tura
236 2965 414 3031 parentes.
459 2953 552 3012 Salia
579 2951 639 3010 vid.
683 2960 788 3025 putat,
818 2944 902 3025 quod
925 2945 1024 3003 Pollio
1046 2947 1124 3001 circa
1145 2943 1182 3002 il·

150 3050 198 3113 Ed.
210 3054 237 3126 1,
256 3074 312 3133 79.
682 3049 735 3106 lud
754 3062 874 3126 tempus
897 3046 955 3117 (V.
979 3044 1014 3106 C.
1037 3048 1117 3121 715)
1143 3065 1180 3101 ex

681 3149 820 3230 Illyrico,
846 3151 927 3207 victis
949 3144 1110 3209 Parthinis,
1139 3145 1180 3204 ud

179 3257 230 3334 84.
278 3253 392 3313 ΡοΙΙίο
425 3259 523 3336 gratia
557 3253 640 3336 opud
682 3248 870 3329 triumphurn
906 3246 1082 3307 habendum
1114 3246 1180 3306 Ro·
1255 3253 1260 3263 '

150 3355 327 3442 Augustum,
356 3363 488 3418 amicitia
511 3359 554 3417 M.
577 3363 639 3416 An·
681 3374 764 3414 mam
791 3346 970 3420 decollaret,
1005 3369 1067 3429 quo
1097 3349 1178 3408 adeo

150 3467 230 3531 unii,
274 3464 423 3540 ingenio,
476 3461 640 3541 tragoediis
682 3472 822 3536 tempore
839 3449 1031 3530 triumphalia
1047 3448 1126 3506 sacra
1142 3471 1181 3508 ao

151 3557 305 3644 [odiisque
330 3562 388 3621 luis
419 3567 453 3620 in
478 3563 640 3643 Virgilium
681 3564 821 3618 victimae
842 3577 898 3636 pro
914 3551 1062 3612 Pollionis
1081 3556 1178 3610 victo·

152 3663 367 3745 Horatiumque
391 3660 569 3724 notiffirnus.
602 3665 639 3723 cf.
682 3665 725 3720 ria
748 3660 902 3741 parandae
925 3669 1021 3713 erant.
1058 3654 1177 3715 cl.Ecl.

155 3764 246 3827 Horat.
269 3766 334 3825 Od.
358 3766 398 3839 11,
420 3788 454 3840 1,
482 3782 513 3826 et
537 3768 639 3824 Vitam
681 3763 803 3833 Vltio.
821 3757 1176 3829 Hor.0d.11,1‚15.16.

156 3864 260 3951 Virgilii
281 3869 323 3929 ad
344 3890 371 3930 a.
395 3871 467 3948 715.
498 3869 536 3927 Ei
551 3869 638 3941 alter,
680 3865 769 3935 Nam,
792 3861 994 3945 quodBurm.
1018 3859 1178 3942 amplecti·
1204 3917 1209 3927 ,

159 3980 298 4052 tamqnam
336 3972 430 4031 iudici
469 3977 639 4030 carminum
681 3982 744 4037 tur,
770 3965 852 4045 pasci
875 3979 905 4025 et
927 3964 1053 4022 vitulam
1079 3978 1110 4022 et
1130 3967 1176 4019 iu·

162 4066 264 4131 luorum
291 4074 476 4155 intelligenti
509 4088 540 4131 et
577 4074 639 4132 ele·
680 4089 807 4128 ventum
842 4064 976 4126 Pollioni
1013 4065 1091 4135 dici,
1145 4076 1178 4120 vt

166 4179 246 4251 guni,
274 4178 417 4254 vitulam,
444 4177 535 4247 alter,
564 4189 639 4234 tam·
679 4166 764 4234 illam
782 4186 935 4254 tamquam
951 4170 1071 4253 lyricus,
1095 4161 1177 4223 huuc

192 4277 321 4342 Toml.
738 4271 768 4330 K
