2692 4914
144 294 253 401 396³
349 295 392 369 Ρ.
418 295 667 372 vtnonnr
696 272 959 372 Mtuottrs

146 450 313 588 Pinguia*
328 486 564 583 concipiunt3
607 479 683 556 fiue
708 481 779 555 illis
801 507 914 558 omne
935 489 1152 586 perignem

145 625 377 725 Excoquitur
392 622 541 708 vitium,
572 634 687 717 atque
703 615 853 691 exsudat
867 618 1007 693 inutilis
1023 621 1176 711 humor;

146 760 223 837 Seu
244 754 361 859 pluris
387 751 492 830 calor
514 750 579 826 ille
603 755 680 825 vias
706 771 746 827 et
768 777 881 826 caeca
901 753 1045 827 relaxat

146 897 395 996 spiramenta,
442 910 562 966 nouas
597 890 723 1003 veniat
757 913 833 988 qua
870 885 997 964 succus
1026 894 1069 963 in
1098 889 1178 963 her-

763 1019 850 1111 bas3
1054 1088 1055 1092 ,
1128 1049 1176 1121 90

145 1163 222 1238 Seu
247 1157 356 1231 durat
379 1160 516 1257 magis,¹
557 1173 596 1231 et
623 1178 736 1232 venas
763 1153 952 1254 adstringit
974 1155 1130 1234 hiantis:

143 1301 204 1370 Ne
229 1310 361 1367 tenues
384 1289 554 1391 planiae,
595 1290 765 1391 rapidiue
784 1294 953 1390 potentia
973 1288 1059 1366 solis

141 1432 295 1523 Acrior,
329 1442 395 1499 aut
414 1429 558 1499 Boreae
581 1423 812 1525 penetrabile
832 1422 946 1524 frigus
970 1424 1115 1501 aduratss

211 1623 244 1690 87
265 1634 366 1673 aeuum
384 1613 426 1668 vel
443 1621 539 1686 ignem
558 1613 662 1667 zulich.
730 1611 764 1667 88
786 1613 914 1665 exundat
926 1612 1043 1670 Parthos.
1059 1635 1123 1670 nm.
1136 1638 1172 1689 pr.

140 1707 177 1776 89
193 1709 284 1775 pluris
303 1700 452 1756 vetustiores
470 1715 571 1771 praeter
586 1697 687 1753 Medic.
754 1715 785 1768 91
806 1698 976 1772 eonfiringtt
998 1706 1065 1756 Ven.
1080 1719 1105 1757 et
1117 1707 1175 1756 Pnr-

141 1789 209 1844 rhos.
263 1787 409 1860 restringit
428 1784 527 1839 Moreti
545 1802 585 1855 pr.
666 1799 701 1854 9²
721 1792 813 1835 tenuis
831 1785 911 1837 Rom.
936 1803 997 1838 cum
1016 1787 1073 1841 aliis
1095 1791 1176 1842 Hein-

140 1874 229 1931 fitnit.
265 1873 399 1946 raptdlue
420 1871 510 1925 Heius.
530 1889 544 1923 e
564 1867 715 1923 melioribut
734 1869 854 1932 retraxitt
885 1886 949 1922 nom
967 1868 1005 1926 fic
1023 1872 1079 1929 iun
1096 1874 1173 1929 Aldd.

140 1979 273 2036 proque,
301 1957 375 2032 quod
397 1955 457 2011 odd.
481 1970 631 2028 occuparat.

139 2133 259 2195 llxiuio.
295 2133 348 2195 88.
363 2131 492 2192 inutilis
508 2129 638 2198 humor,
679 2131 742 2189 vim
762 2126 876 2190 habere
898 2127 1009 2203 debet,
1029 2147 1064 2191 vt
1084 2131 1174 2214 saepe
1211 2197 1215 2204 ,

139 2239 236 2298 noxio
250 2234 343 2316 uligo.
388 2234 440 2312 89.
457 2230 638 2312 caecaſjti·
680 2228 819 2311 epitheta
855 2249 1033 2313 ponuntur,
1080 2250 1173 2319 vtquo

139 2351 313 2404 ramenta,
357 2349 476 2395 meatus
500 2334 637 2396 occultos
679 2333 817 2415 rapidus
829 2333 884 2408 sol,
904 2336 999 2419 frigus
1018 2354 1172 2418 penetra-

139 2454 174 2501 et
188 2439 338 2511 latentes,
364 2457 423 2499 noo
441 2457 544 2518 poros
562 2436 636 2495 dici·
679 2435 745 2495 bile
778 2434 839 2497 hoc
874 2436 939 2517 ipso
973 2437 1056 2503 loco.
1105 2441 1171 2521 Ipsa

136 2559 225 2621 mut;
251 2560 324 2601 mox
337 2559 449 2601 venas.
476 2541 636 2600 Lucretius
677 2543 829 2599 tenuitate
858 2537 995 2601 humoris
1015 2542 1123 2623 pluuia
1141 2543 1171 2604 se

136 2637 180 2707 fic
203 2643 270 2704 fere
288 2643 465 2725 spiracula
488 2643 564 2702 dixit
579 2643 634 2717 vl,
677 2645 711 2702 in
738 2638 866 2700 humum
892 2639 1034 2704 infinuat
1088 2646 1171 2707 Alio-

135 2753 210 2827 490.
256 2744 359 2809 Vada
380 2746 522 2806 latentia
550 2746 634 2828 apud
677 2746 732 2826 qui
752 2743 891 2820 planiae
911 2759 1028 2805 tenues
1046 2752 1081 2809 in
1095 2753 1170 2809 vitio

138 2850 283 2911 Grotiurn
292 2850 491 2935 Cym-423.
519 2869 634 2929 910ca·
676 2843 737 2906 effe
756 2842 897 2926 poffunt,
920 2851 1020 2910 nimio
1036 2848 1107 2911 solis
1122 2871 1170 2911 oe·

134 2951 191 3012 lor
221 2950 399 3033 adstringit
426 2952 464 3014 sc.
496 2954 635 3015 conden·
675 2943 722 3010 stu
742 2969 793 3008 000
822 2964 994 3032 coquente:
1040 2954 1169 3037 melligi-

133 3053 232 3118 sendo
258 3057 355 3117 molle
382 3070 414 3117 et
434 3055 568 3117 lutosum
588 3054 634 3116 so·
673 3070 748 3110 netu
772 3067 894 3112 vocent.
945 3055 1116 3117 Enimuero
1136 3061 1169 3116 in

135 3154 211 3217 lum.
270 3158 322 3236 93.
338 3155 495 3217 Adurere
518 3156 634 3220 conue-
675 3150 706 3210 h·
726 3153 747 3213 l·
783 3153 860 3213 illud
894 3156 1005 3217 cadere
1038 3161 1166 3240 nequit;

110 3247 113 3252 ⁸
134 3261 184 3316 nit
202 3263 330 3339 proprie
347 3259 454 3342 frigori
468 3275 587 3322 tentum
600 3275 633 3321 et
674 3273 749 3316 nom
763 3259 870 3317 vitium
884 3257 961 3317 illud
973 3259 1092 3322 culmos
1106 3261 1167 3321 lee-

136 3354 234 3419 oestui
260 3358 338 3422 solie.
389 3362 467 3435 Sed,
501 3360 632 3424 sollenni
674 3358 729 3433 dit,
750 3362 805 3442 qui
832 3380 870 3421 ex
898 3357 1029 3423 humore
1059 3382 1079 3424 0
1104 3362 1167 3424 sole

134 3459 248 3544 figure,
285 3464 460 3546 generalior
479 3464 553 3524 inde
572 3485 631 3526 no·
672 3463 881 3523 excundefacti
908 3478 1165 3548 corrumpuntur3

134 3565 181 3624 tio
206 3562 258 3629 τοῦ
285 3586 406 3625 nocere
426 3566 578 3627 elicienda
598 3582 630 3627 et
671 3584 732 3627 nec
745 3564 810 3628 solo
825 3566 934 3627 duroto
950 3572 1051 3630 auerti
1066 3565 1165 3652 potest

134 3665 177 3724 ad
202 3666 295 3727 illud:
346 3688 390 3726 ne
416 3683 531 3728 tenues
554 3670 629 3751 plu·
669 3668 801 3750 rubigo,
841 3689 902 3730 nec
934 3673 970 3730 in
990 3670 1089 3732 solum
1113 3672 1164 3732 illa

134 3770 230 3836 viae,
250 3769 413 3831 referendo
428 3768 480 3833 est
523 3773 627 3832 Pene-
668 3787 821 3852 penetrat.
875 3772 933 3832 Vir
966 3773 1076 3836 doctus
1102 3775 1163 3835 dic·

135 3868 221 3929 erale
241 3872 357 3951 frigus
385 3876 447 3932 ium
467 3875 627 3936 Lucretius
669 3890 715 3935 tos
731 3877 865 3957 pluuias
888 3890 1003 3936 tenues
1022 3875 1160 3958 putabat,

135 3972 252 4036 dixerut
273 3975 299 4049 1,
319 3979 393 4055 495.
440 3991 555 4038 tenues
589 4001 626 4040 ex
668 3981 742 4061 quia
778 3993 904 4039 tenuem
933 3979 1072 4041 reddunt
1103 3995 1161 4041 ter·

133 4092 244 4140 notura
261 4078 384 4160 pluuiae
404 4083 537 4163 petitum
561 4087 627 4165 epi·
668 4101 750 4153 rom,
792 4081 935 4166 adeoquo
966 4083 1161 4144 fecunditatis

135 4178 256 4255 theton,
304 4182 391 4267 quod
424 4182 476 4247 hic
509 4186 626 4250 nullutn
667 4179 799 4248 caudam
820 4183 971 4263 afferunt,
994 4186 1099 4251 dilutis
1117 4185 1160 4250 sa·
