2692 4914
244 302 594 380 GEORGICON
619 305 715 379 LIB.
735 303 807 395 ΙΙΙ,
826 304 1038 404 469-477
1118 302 1194 381 635

101 539 105 548 ·
155 485 314 564 Castella
333 493 373 563 in
389 491 550 583 tumulis,
578 509 615 566 et
634 489 780 591 Iapydis
800 515 890 562 arua
906 493 1065 583 Timaui,
1119 491 1193 591 475

100 664 102 703 :
149 627 189 698 N
193 650 268 700 unc
282 649 438 726 quoque
450 623 532 732 post
552 643 657 698 tanto
672 624 817 716 videat,
828 705 832 717 ¹
843 622 1062 726 desertaque
1078 637 1196 728 regna*

150 755 367 852 Pastorum,
410 780 448 834 et
474 761 589 860 longe
615 758 722 833 saltus
744 758 895 860 lateque
917 764 1097 837 vacantist
1192 830 1194 834 .

223 948 275 1015 475
293 943 415 1017 Iapydis
431 942 603 998 scribendum.
617 944 670 997 vid.
685 943 819 1001 Drakenb.
837 944 871 996 ad
884 944 942 1001 tiu.
956 945 1049 1008 XLIII,
1063 950 1088 1003 5.
1109 949 1192 1005 Gree-

150 1029 193 1084 eit
214 1029 271 1085 suot
290 1031 414 1089 Ἰάποδιε.
449 1031 486 1084 Vt
505 1029 577 1101 apud
590 1030 675 1084 soah.
690 1045 718 1083 et
730 1029 821 1102 Steph.
836 1030 897 1100 Byx.
938 1033 1057 1105 IapygIe
1076 1035 1189 1092 Roman.

150 1130 182 1168 et
193 1116 293 1171 Medio.
308 1118 393 1177 Pierii,
416 1115 565 1171 Gudianut.
641 1114 714 1170 Male
732 1112 888 1168 deiendebat
904 1116 1011 1171 Pieriuo.
1056 1123 1192 1176 armavi.

149 1199 221 1254 tlose
238 1200 323 1273 migg.
338 1201 492 1255 nonnullae.
560 1201 613 1270 476
630 1192 740 1254 tautam
760 1198 843 1253 Gotli.
865 1198 913 1254 sec.
991 1206 1191 1278 4771aeteque

151 1284 241 1339 Goth.
261 1306 301 1359 pt.
336 1287 434 1358 saltus
453 1289 541 1360 longe
560 1287 675 1359 lateque
692 1285 746 1339 Exi.
787 1293 923 1358 vagantis
943 1285 1016 1345 Gud.
1050 1309 1191 1365 vagantes

149 1385 216 1426 tert.
239 1371 351 1428 Mentol.

147 1526 255 1602 dicta,
287 1527 340 1589 sed
358 1529 455 1610 luet).
498 1525 651 1612 'Thucyd
693 1525 780 1610 quod
795 1545 916 1606 tempus
929 1533 1061 1593 maxime
1073 1531 1189 1600 afflixe-

145 1630 194 1702 ΙΙ,
213 1639 254 1710 47
270 1629 343 1714 sqq„
366 1646 432 1691 tum
455 1629 549 1690 Ouid.
571 1631 651 1697 Met.
693 1643 741 1688 rat
754 1629 920 1702 Noricum,
942 1627 972 1694 h.
986 1646 1092 1708 terrae,
1114 1661 1189 1722 quae

146 1731 226 1800 vn,
246 1734 310 1796 518
332 1731 397 1816 sqq.
439 1733 546 1794 Silium
562 1732 651 1805 xtv,
692 1749 778 1791 nunc
806 1727 999 1813 episcopatus
1020 1736 1191 1826 Salzburgi.

145 1836 215 1899 581
234 1833 298 1918 sqq.
325 1837 440 1898 Lucan.
454 1835 509 1907 vt,
532 1837 573 1897 80
585 1833 650 1918 sqq.
694 1852 765 1905 cus,
812 1851 925 1914 magna
953 1833 1089 1900 Auslrine
1117 1864 1189 1924 pm

144 1937 304 1998 Senecam
319 1937 434 2018 Oedlp.
451 1938 492 2000 55
507 1935 580 2020 sqq.,
597 1940 650 2019 qui
693 1955 765 1995 cum
782 1934 873 1994 Stiria
892 1951 924 1996 et
939 1936 1105 2015 cariathim
1134 1966 1188 2008 oo-

145 2060 262 2102 omnes
279 2041 454 2113 Maronem,
483 2043 595 2100 mirum
615 2042 652 2100 in
693 2051 794 2117 cupat.
836 2039 948 2100 aerias
968 2041 1061 2123 Alpes
1084 2065 1186 2125 vocat,

145 2139 313 2204 affectibus
352 2141 516 2204 mouendIa
558 2138 651 2202 ertifiv
691 2153 845 2220 perpetuo
864 2145 1017 2203 montium
1036 2147 1186 2227 epitheto.

146 2265 239 2319 cem,
274 2246 418 2306 aemulati
434 2243 519 2318 sunt,
552 2246 651 2305 verle-
690 2244 765 2320 475.
787 2241 912 2301 Norica
932 2243 1065 2321 oqliolla
1082 2253 1119 2310 in
1134 2269 1186 2313 tu.

146 2362 217 2411 tate
241 2364 368 2409 ornatus
399 2345 549 2419 mirabili,
582 2346 650 2428 plo·
691 2344 789 2406 mittis
801 2365 870 2406 non
889 2343 950 2408 elIe
971 2347 1096 2430 polIunt
1115 2355 1186 2420 loca

145 2470 283 2533 rumque
318 2471 335 2511 a
368 2446 526 2531 phantefia
555 2463 588 2510 et
617 2453 650 2510 vi
690 2449 822 2521 munita,
851 2468 923 2509 uam
937 2456 1038 2535 egitur
1057 2454 1097 2518 de
1116 2479 1186 2543 gre.

146 2557 276 2636 poetica
291 2555 397 2634 petite.
435 2552 650 2633 ComparatIo·
687 2549 790 2640 gibus,
834 2549 888 2611 sed
916 2551 1121 2621 habitationes
1150 2566 1186 2625 in

146 2659 199 2718 nis
218 2653 307 2716 huius
326 2652 444 2738 gustum
463 2655 535 2715 dare
548 2651 649 2736 potest
690 2654 765 2713 locis
787 2651 892 2726 editis,
922 2657 1065 2741 adeoque
1083 2663 1183 2740 villae,

148 2759 288 2843 Scaliger
330 2757 384 2823 lib.
428 2758 460 2818 V
506 2758 648 2819 Poeticee
690 2758 749 2813 vici
784 2757 819 2814 in
851 2756 1017 2820 montibus.
1078 2765 1186 2824 Tima-

149 2882 221 2943 cap.
241 2882 289 2921 ιι.
332 2862 392 2922 Hic
411 2860 537 2944 quidem
556 2862 649 2922 mire-
689 2876 789 2925 vttm,
829 2857 864 2916 in
895 2857 1089 2922 Venetorum
1121 2873 1184 2932 on'u

148 2967 203 3031 rin,
238 2962 313 3046 quid
334 2963 454 3044 Intrpp.
477 2961 647 3035 adduxerit,
688 2957 829 3032 fluuium,
850 2963 1185 3047 avicitiielapydibus,

147 3081 201 3139 vt,
230 3063 298 3146 poll
313 3066 465 3137 Seruium,
498 3063 578 3125 hanc
594 3084 650 3144 pe-
688 3062 802 3146 Illyn'oi
826 3062 965 3143 populo,
1004 3070 1184 3149 appellauit.

147 3165 226 3231 item
241 3167 371 3229 eandem
388 3189 458 3229 cum
479 3167 542 3241 illa,
567 3185 648 3248 quae
689 3164 740 3224 De
762 3185 801 3225 eo
822 3164 892 3226 vide
913 3165 952 3225 ad
972 3170 1085 3233 Aemi
1109 3175 1182 3242 lec.

148 3268 381 3352 Peloponnesio
407 3268 491 3331 bello
518 3273 648 3330 ineunte
689 3268 765 3337 VII,
787 3267 871 3328 etde
886 3268 1125 3354 lapydibutvid.
1141 3279 1181 3341 ad

146 3375 282 3435 Atticam
305 3370 430 3446 inuefit,
467 3368 527 3435 effe
549 3366 647 3431 existi·
688 3368 1001 3444 Tibull·1V‚1‚108.
1044 3383 1118 3458 476.
1133 3402 1184 3442 ro-

144 3490 290 3544 merent:
321 3493 401 3557 qaae
416 3472 479 3554 ipsa
495 3495 543 3534 res
557 3488 589 3534 et
604 3473 648 3532 al·
686 3492 758 3552 gua
776 3470 960 3553 pastorum,
991 3498 1098 3561 egros,
1124 3506 1183 3549 no·

146 3581 208 3638 teri
230 3580 327 3638 errori
351 3577 455 3637 locum
476 3576 579 3647 dedit,
613 3590 647 3635 vt
690 3591 756 3637 tum
772 3575 821 3637 vel
842 3597 879 3636 ex
894 3577 958 3639 Ecl.
975 3580 1000 3653 1,
1017 3603 1068 3663 70·
1106 3587 1181 3669 post

145 3683 254 3741 omnia
282 3684 401 3762 vtrique
424 3678 536 3741 morbo
565 3683 646 3743 inter
688 3692 802 3747 tanto,
832 3693 919 3753 tauto
936 3695 1076 3765 tempore
1092 3687 1181 3774 P⁰st3

143 3781 290 3845 homines
305 3797 337 3844 et
350 3779 459 3844 bestiae
470 3785 646 3847 communie
686 3781 751 3843 Ecl.
766 3781 792 3855 1,
813 3783 856 3845 30
892 3782 990 3863 longo
1008 3787 1083 3869 post
1101 3805 1184 3850 tem„

143 3880 209 3947 esse
231 3885 356 3947 vellent.
397 3882 542 3964 Respexit
564 3881 645 3946 houd
683 3903 776 3971 pore.
832 3885 894 3951 Pro
914 3885 1035 3951 saltibus
1057 3907 1089 3959 et
1115 3893 1180 3975 pas·

142 3987 242 4050 dubie
256 4001 351 4069 poete
365 3985 491 4050 slmilem
513 3987 646 4070 aliquam
688 3990 753 4046 cuis
769 3985 844 4049 dixit
862 4005 971 4052 ornate
992 3989 1124 4073 castella
1142 3996 1179 4055 in

144 4091 372 4164 calamitatem,
423 4105 489 4150 tum
520 4088 645 4172 quidem
688 4089 839 4164 etaetatis,
893 4112 999 4167 arua,
1055 4115 1178 4177 regna,

142 4193 215 4255 retis
237 4207 363 4270 notam,
398 4212 479 4277 quae
499 4207 570 4256 ante
592 4193 646 4255 ati-
677 4192 799 4274 saltus.
