2692 4914
249 334 356 397 xutv
566 325 959 401 PRAEFATIO

253 552 330 631 que
349 523 394 601 fit
412 546 516 604 recte
536 533 720 630 cogitare,
761 531 922 606 recitare
943 545 983 605 et
1012 527 1192 623 scribere3
1232 529 1288 605 di·

252 661 398 738 stinctio
432 668 535 738 enirn
568 661 661 738 iusta
692 668 882 766 interponi
917 689 998 739 non
1034 661 1174 768 potest,
1219 662 1288 738 nifi

252 803 511 877 enuntiatione
532 800 574 872 in
594 816 718 900 partes
742 798 822 874 suas
844 804 916 874 rite
941 797 1118 890 resoluta3
1157 796 1290 874 finon

253 936 416 1027 calamo,
451 932 578 1009 saltem
592 952 721 1009 mente
743 954 783 1009 et
801 939 941 1010 animo.
991 934 1051 1008 Ad
1071 939 1291 1036 interpunc-

251 1077 394 1146 tionem
417 1072 547 1169 itaque
564 1072 726 1170 primum
748 1073 790 1141 in
812 1069 929 1148 altera
950 1073 1099 1146 minore
1118 1069 1291 1145 editione

252 1211 434 1280 maiorem
460 1227 588 1277 curam
617 1201 878 1296 adhibueram,
910 1223 1007 1280 >tum
1029 1203 1152 1280 multo
1171 1210 1290 1307 magis

251 1345 293 1417 in
311 1340 385 1414 hao
406 1341 516 1411 tertia
540 1334 719 1411 adhibere
741 1335 876 1412 studui.

335 1478 381 1546 In
400 1470 566 1547 lectione
593 1471 773 1546 mutanda
801 1497 904 1547 nunc
932 1471 1061 1573 paullo
1090 1472 1176 1573 plus
1196 1475 1291 1550 mihi

251 1605 404 1697 indulfi,
441 1630 555 1706 quarn
576 1610 618 1678 in
641 1605 726 1680 edd.
746 1605 952 1708 prioribus3
990 1605 1140 1682 frenum
1163 1628 1292 1685 tamen

201 1719 206 1726 .
252 1764 293 1821 et
310 1744 373 1820 hio
395 1744 509 1815 inieci
527 1743 685 1840 impetui
715 1739 922 1815 rationibus
953 1746 1063 1816 certis
1085 1742 1189 1842 apud
1213 1750 1293 1818 ani·

250 1905 356 1957 mum
377 1869 586 1978 propositis.
657 1870 812 1947 Possunt
837 1879 1034 1949 innumera
1055 1901 1144 1949 cum
1166 1876 1291 1980 specie

251 2016 378 2114 aliqua
399 2012 554 2099 mutari,
609 2032 731 2108 pauca
758 2032 847 2082 cum
873 2013 1037 2100 ratione,
1085 2036 1187 2111 quae
1213 2004 1291 2087 vin-

253 2166 333 2238 cat,
358 2149 411 2219 ita
432 2141 607 2241 scriptum
626 2139 752 2218 firisse:
788 2167 861 2218 nec
873 2162 1017 2234 tamen,
1042 2141 1174 2220 sracre
1192 2148 1290 2221 iudi-

253 2289 355 2360 cium
379 2275 574 2368 adhibeas,
610 2275 681 2350 alia
695 2282 736 2349 in
752 2295 972 2352 contextum
986 2278 1203 2378 recipienda
1219 2280 1293 2359 effe

251 2412 445 2493 iudicabis.
502 2409 668 2484 Plurima
696 2416 738 2484 in
768 2411 841 2486 hac
872 2417 1019 2486 critices
1056 2431 1164 2512 parte
1195 2413 1290 2508 sunt,

252 2575 352 2654 quae
374 2546 423 2620 ad
443 2549 584 2645 ingenii
603 2543 722 2618 lusum
742 2570 922 2622 reuocare
945 2545 1065 2637 sole03
1103 2552 1145 2621 in
1158 2549 1291 2651 pleris-

251 2711 329 2788 que
359 2706 410 2756 ne
443 2681 597 2781 quidem
625 2677 856 2780 ingeniosum
891 2679 986 2755 satis.
1051 2684 1166 2775 Nam,
1200 2711 1289 2762 curn

250 2818 321 2896 fint
341 2821 554 2908 innumera,
576 2819 742 2917 inprimis
763 2819 804 2887 in
825 2819 965 2915 poetis,
993 2819 1035 2888 in
1052 2817 1188 2915 quibus
1204 2846 1289 2921 per·

249 2975 365 3061 petua
384 2947 457 3028 elle
477 2948 591 3027 soleat
611 2949 811 3051 scripturae
830 2953 1005 3039 varietas,
1036 2969 1076 3024 vt
1095 2949 1213 3027 sensui
1234 2973 1288 3028 ta·

249 3116 339 3166 men
363 3112 496 3189 parum
517 3086 607 3161 inde
630 3084 692 3160 seu
716 3080 878 3158 decedat
899 3082 963 3158 seu
985 3085 1158 3178 accedat,
1189 3114 1289 3190 quae

248 3221 404 3329 tandem
423 3220 503 3296 lana
527 3221 590 3295 illa
614 3218 687 3295 eise
710 3213 850 3319 potest,
882 3236 921 3290 vt
943 3216 1081 3320 vbique
1102 3220 1211 3296 nullo
1237 3222 1288 3297 ad

250 3356 464 3456 scriptorem
497 3352 622 3428 fructu
654 3381 725 3455 pro
757 3353 876 3430 altero
907 3353 1067 3426 alterum
1097 3356 1286 3433 inculces?

248 3493 368 3565 Porro
396 3492 437 3562 in
460 3493 581 3590 poetis
614 3486 697 3563 sunt
729 3507 831 3565 certa
861 3486 1132 3588 phantasmata,
1173 3492 1285 3567 verba

249 3624 446 3716 sollennia,
489 3623 655 3724 epitheta
683 3626 914 3714 communia,
959 3650 1074 3724 qnae,
1119 3621 1285 3700 fisemel

246 3763 428 3835 memoria
456 3759 674 3859 complexus
704 3756 767 3850 fis,
811 3775 1002 3859 promtum
1031 3754 1101 3849 est,
1145 3757 1285 3861 vbique

246 3891 398 3986 afferre,
442 3913 480 3967 et
505 3893 597 3968 inde
625 3892 688 3970 seu
711 3893 982 3967 emendationis
1004 3891 1067 3968 seu
1088 3896 1285 3968 coniectu·

244 4057 327 4122 rae,
351 4027 540 4103 interdurn
562 4027 669 4104 valde
688 4027 915 4128 ingeniosae,
948 4032 1144 4104 materiem
1167 4053 1284 4129 quae-

134 4142 140 4161 *
243 4190 337 4242 rere.
357 4189 359 4193 ’
401 4163 508 4240 Aliae
527 4167 768 4240 coniecturae
791 4162 972 4266 proficisci
996 4164 1116 4245 solent
1139 4188 1188 4242 en
1209 4161 1281 4239 ser-
