2692 4914
267 293 1059 393 caonffloonnra1rn9-328
1133 300 1202 381 481

165 486 345 582 Coniugis
364 489 403 556 in
424 486 616 582 gremium
636 481 757 556 laetae
780 481 982 572 descendit,
1012 499 1049 555 et
1074 507 1204 560 omnes

162 624 321 717 Magnus
342 617 425 706 alit,
449 642 585 714 magno
601 622 811 690 conmixtus
830 641 1008 715 corpore,
1040 615 1148 690 setus.

160 758 258 826 Auia
285 770 365 822 tum
389 740 563 824 resonant
586 751 718 824 auibus
746 751 900 851 virgulta
923 753 1105 840 canon‘ss

161 928 242 984 Voss.
279 927 418 1002 ingeniose
431 927 539 981 water.
553 929 588 981 ad
602 932 704 983 Lucret.
717 930 738 990 Ι,
751 928 799 983 231
822 927 890 980 coni.
927 926 995 981 Tum
1008 929 1200 990 Pater.omni·

144 1007 264 1087 'parens
275 1015 416 1086 secundis
430 1016 572 1076 imbribus,
599 1016 708 1068 Aether
722 1013 756 1066 ad
767 1014 913 1086 exemplum
928 1014 1063 1085 Calpurnii
1077 1016 1148 1077 VIII,
1165 1018 1199 1071 35
1262 1083 1264 1086 Υ

161 1107 352 1170 omniparens
376 1098 485 1154 Aether
504 1116 530 1152 et
549 1102 705 1153 Auienit-
740 1101 822 1152 Iouis
845 1108 1065 1168 omniparentis:
1119 1094 1198 1172 quern

160 1188 253 1241 consec
266 1189 293 1239 in
310 1205 349 1257 pr.
364 1187 434 1238 Arati
454 1185 599 1237 Phaenum.
668 1185 719 1239 526
737 1185 831 1245 latae,
852 1187 919 1245 late,
939 1183 1058 1238 aberrant
1074 1201 1194 1257 quatuor.

159 1276 211 1342 327
231 1282 387 1341 permixtus
410 1269 480 1342 apud
500 1272 619 1323 Laetam.
639 1268 672 1322 de
692 1268 753 1321 salsa
773 1268 843 1338 relig.
865 1269 909 1320 tib.
925 1270 943 1327 l.
960 1271 984 1322 5.
1064 1272 1115 1324 328
1134 1290 1196 1323 cum

110 1347 116 1351 ⁸
160 1357 287 1412 Cantabr.
307 1371 373 1409 nanc
388 1356 468 1408 Itum.
487 1359 566 1409 Auta
580 1373 671 1408 vocem
683 1355 785 1407 sutilem
798 1354 950 1426 pronuntiat
957 1355 1063 1408 Wakes.
1073 1374 1099 1410 et
1107 1377 1194 1411 emen·

159 1444 208 1497 dat
228 1445 337 1507 Lat-uta
350 1439 384 1493 ad
398 1441 448 1494 Ge.
463 1441 561 1511 11,596
580 1457 607 1496 et
621 1441 674 1493 hoc
686 1439 736 1493 ess'e
751 1440 822 1493 idem
843 1439 916 1512 quod
929 1439 1027 1502 mollia,
1050 1458 1148 1497 tenera.

159 1601 292 1680 antiquo
307 1596 465 1671 sermone,
495 1618 558 1679 quo
582 1618 657 1678 poe·
698 1589 889 1679 congressum
911 1589 1029 1656 effinxit
1053 1599 1139 1659 Iliad.
1162 1600 1193 1677 ξ,

158 1714 211 1759 tae
231 1696 369 1781 physicas
385 1717 436 1760 res
460 1698 658 1779 exponebant
698 1701 762 1776 346
808 1697 871 1780 sqq.
954 1698 1042 1779 Quos
1093 1700 1192 1762 versus

149 1794 192 1860 'et
224 1800 392 1872 ornabant,
435 1801 517 1860 vnde
545 1799 657 1861 dehinc
697 1800 855 1883 praeclare
884 1791 1038 1862 conuertit
1064 1803 1190 1887 Retron.

155 1923 271 1983 magna
292 1902 440 1987 mythices
465 1922 533 1983 pars
559 1901 656 1962 fluxit.
699 1923 768 1984 cap.
799 1920 867 1982 ¹²7·
938 1901 1087 1982 Expressit
1117 1894 1191 1965 vero

155 2004 278 2065 Aether
291 2003 321 2064 h.
336 2005 357 2063 1.
379 2023 448 2063 cum
463 2003 560 2064 Terra
582 2025 656 2066 con·
696 2001 800 2066 noster
836 2007 975 2085 proxime
1008 2006 1128 2066 Lucret.
1157 1998 1191 2077 Ι,

154 2111 231 2189 iuge
251 2122 459 2188 memoratur;
494 2107 567 2166 alias
589 2108 655 2187 ple·
699 2110 757 2169 251
783 2104 825 2188 sq.
866 2103 913 2178 H,
939 2126 997 2185 991
1024 2103 1066 2189 sq.
1123 2107 1193 2169 Alia

152 2230 289 2290 rumque
324 2209 406 2269 Iouis
442 2211 571 2268 nomine
607 2212 654 2266 in·
695 2205 799 2267 similia
815 2227 850 2266 ac
873 2205 1024 2268 dissimilia
1042 2209 1109 2270 loca
1128 2209 1190 2270 vid.
1241 2250 1243 2256 ·

153 2307 362 2392 signiebatur:
424 2309 580 2369 interdum
622 2325 654 2368 vt
695 2330 743 2390 ap.
765 2308 912 2384 Cerdatn,
967 2314 1020 2393 qui
1054 2324 1086 2372 et
1119 2332 1191 2371 cum

152 2410 312 2491 superior,
342 2411 421 2470 Iuno
436 2412 573 2482 interior,
605 2431 653 2470 re-
693 2407 803 2471 Vrfino
827 2411 918 2485 vidit,
954 2410 1133 2496 Aeschylum
1157 2430 1189 2476 et

152 2518 209 2596 gio
228 2510 316 2584 esset,
342 2513 497 2572 interdum
518 2529 550 2573 vt
571 2513 653 2592 Iupi—
693 2513 869 2594 Euripidem
888 2519 921 2574 in
937 2512 996 2574 hoc
1010 2513 1188 2594 praeiuisse:

152 2632 206 2675 ter
235 2618 362 2675 omnino
390 2637 515 2676 ornnem
537 2635 650 2687 aerem,
693 2635 824 2699 quorum
873 2615 939 2675 loca
976 2616 1058 2695 apud
1094 2614 1188 2678 Athe·

152 2718 299 2798 adeoque
328 2715 570 2795 atmosphaeram
600 2717 651 2776 de·
694 2739 812 2778 naeum
826 2716 912 2788 XIII,
922 2737 952 2794 p.
969 2719 1031 2778 600
1047 2717 1121 2777 sunt.
1148 2720 1185 2778 cs.
1252 2734 1255 2740 ’
1338 2733 1344 2747 ·

149 2816 305 2900 fignaret,
336 2816 452 2875 vth.l.
495 2821 576 2878 Hinc
595 2839 650 2878 na·
692 2820 755 2899 sup.
783 2819 846 2878 Ecl.
875 2816 949 2887 VII,
982 2819 1032 2879 60.
1078 2820 1186 2882 Horat.

150 2936 222 2980 tunt
248 2915 484 2998 antiquiffirnum
509 2917 650 2999 phamas·
690 2921 791 3001 Epod.
831 2917 921 2989 XIII,
974 2938 999 2976 t.
1078 2916 1187 2998 Nuper
1262 2903 1268 2921 ⁸

148 3043 224 3093 ma,
254 3035 285 3079 vt
306 3025 401 3080 Amor
408 3062 419 3092 ,
451 3021 647 3104 Coniugium,
691 3021 750 3082 hoc
776 3021 858 3080 idem
881 3017 1003 3098 copiose
1029 3017 1187 3080 illustrauit

149 3121 362 3194 Concubitus,
400 3123 553 3195 Naturae,
590 3125 648 3183 Ae·
689 3121 881 3184 Wernsdors.
915 3125 948 3180 in
982 3122 1069 3180 Poet.
1108 3127 1183 3182 min.

148 3225 249 3287 theris
269 3239 301 3284 et
319 3225 451 3296 Terrae,
473 3225 556 3284 Iouis
579 3246 649 3283 cum
689 3227 727 3285 T.
742 3225 796 3297 III,
821 3246 854 3304 p.
870 3225 932 3286 536
948 3220 989 3303 sq.
1033 3224 1096 3304 527
1117 3245 1186 3283 ma·

147 3328 296 3399 Iunune,
340 3342 647 3400 commemoraretur,
687 3348 790 3406 gnum
816 3344 932 3406 eorpus
955 3325 1070 3384 Terrae
1096 3327 1187 3388 intel·

149 3433 274 3514 quoties
295 3429 333 3489 de
348 3429 566 3489 secundatione
589 3444 648 3488 ter·
689 3429 864 3512 ligendum,
892 3444 924 3486 vt
942 3429 1019 3487 Aen.
1042 3423 1102 3500 VI,
1123 3446 1184 3509 727

147 3554 215 3605 rae,
240 3552 319 3614 quae
340 3530 373 3590 fit
394 3536 464 3592 vere'
482 3546 534 3591 aut
548 3530 646 3590 imbre
689 3533 728 3592 de
752 3529 811 3590 hoc
841 3530 992 3590 vniuerso.
1049 3527 1185 3611 Expreffl

148 3655 261 3717 agrum
302 3649 476 3708 recreante,
537 3637 645 3713 agitur.
690 3656 726 3694 ex
755 3632 784 3694 h.
807 3632 827 3691 l.
853 3637 962 3692 veteris
985 3645 1098 3713 poetae
1120 3653 1185 3694 ver.

147 3736 274 3797 Nobilis
296 3736 461 3817 priscorum
481 3751 645 3815 poetarum
688 3737 733 3797 sus
763 3732 812 3794 in'
834 3734 999 3815 Peruigilio
1037 3732 1184 3797 Veneris:

146 3839 275 3924 mythos
315 3836 386 3897 hinc
422 3838 530 3896 ductus
569 3830 645 3919 sepse
688 3842 728 3898 In
757 3835 869 3911 smum
904 3838 1044 3894 maritus
1078 3834 1184 3896 imber

146 3936 245 4020 γάμος
259 3941 385 4000 Iunonis
401 3940 472 4016 (vid.
487 3938 541 3999 inf.
556 3938 593 3996 T.
606 3937 646 4011 II,
679 3939 784 4017 stra-'cit
800 3939 910 3998 almae
924 3936 1089 4018 coniugis,
1113 3936 1151 4000 V
1146 3958 1183 3996 n·

145 4065 222 4129 pag.
246 4042 339 4122 375).
398 4042 465 4123 Ipse
492 4041 646 4100 Homerus
689 4038 731 4098 de
763 4041 859 4120 fetus
902 4040 1025 4100 mixtus
1072 4056 1183 4098 omnes

146 4148 223 4209 hinc
244 4146 371 4206 Iunonis
392 4143 461 4205 suae
485 4165 554 4221 curn
568 4143 645 4204 Ioue
687 4143 794 4202 aleret
851 4164 972 4223 magno,
1034 4158 1180 4222 corpure.

193 4247 328 4311 Tora.1
725 4239 820 4305 Hhh
