2692 4914
349 325 426 399 au
463 323 973 436 oeoucrcoume.1
1103 304 1177 417 iai

148 510 211 574 eiie
239 508 356 588 dorso,
394 510 425 573 h.
449 534 476 574 e.
504 511 584 574 binis
614 511 749 573 cruribus
780 516 814 573 in
847 513 977 575 formam
1010 514 1130 578 litterae
1149 519 1181 580 V

149 619 414 704 (Solrllto'lzem)
443 635 600 700 aptatum3
645 617 741 679 binas
762 639 860 678 aures
878 621 1021 692 tandem,
1054 623 1195 711 tabellae
1311 664 1314 669 ‹

148 745 168 785 a
196 715 389 799 Varrone'i,
415 746 507 805 29,2
538 741 737 798 memoratas,
792 731 910 786 vomeri
938 729 1053 790 additae
1095 731 1181 815 (das

150 831 352 892 Streieltbret
376 830 448 892 rmd
465 829 703 914 Molterbret),
749 846 781 891 et
805 836 924 915 Vtrique
945 840 1024 895 cruri
1054 840 1095 899 ita
1125 843 1182 899 im.

147 932 273 1020 pactae,
296 953 328 998 vt
350 935 493 1020 impresso
513 943 545 998 in
569 938 663 998 solum
688 916 813 998 vomere
835 953 914 1000 terre
934 939 1072 1020 proiciiia
1090 949 1183 1007 vtrin·

148 1066 212 1127 que
240 1046 430 1108 accumulata
465 1050 499 1106 iu
528 1045 623 1106 inicos
661 1043 824 1106 attolletur.
896 1047 992 1104 Buris
1019 1045 1060 1108 eii
1086 1065 1181 1128 terno,

147 1143 320 1231 infuderim
363 1149 422 1210 scil.
444 1153 568 1230 proprie
594 1170 663 1233 pare
689 1155 752 1210 eius
774 1147 896 1224 infima,
926 1165 958 1214 vt
977 1156 1037 1213 iam
1059 1156 1183 1220 Salmas.

147 1260 183 1319 in
203 1257 299 1320 Solin.
317 1278 350 1338 p.
364 1259 427 1336 576
448 1257 561 1317 docuit.
617 1254 807 1337 inspicienda
829 1272 860 1318 et
884 1259 1094 1339 cognoscenda
1118 1263 1185 1325 sunt

146 1364 287 1445 relique:
319 1367 411 1424 etiem
432 1362 471 1422 de
494 1378 594 1424 aratro
617 1360 791 1440 Hefiode03
820 1360 876 1424 nist
894 1364 979 1444 quod
993 1366 1093 1429 malim
1110 1390 1183 1433 eum

147 1466 328 1549 [impliciter
358 1464 547 1549 apposuiiie,
588 1469 713 1552 qualern
745 1473 809 1529 ciue
842 1469 973 1533 formant
999 1472 1183 1552 respeciem

147 1575 235 1655 opud
257 1578 391 1638 animum
413 1572 591 1659 effingeret,
613 1595 672 1635 nec
689 1574 728 1634 de
744 1572 868 1654 epochis
886 1580 1087 1639 mutationum
1103 1585 1184 1644 inter

146 1684 335 1764 Aegyptios,
370 1683 524 1754 Graecos,
558 1680 769 1762 etRomauor
793 1693 855 1740 tam
873 1681 970 1740 'multe
993 1680 1053 1746 effe
1074 1688 1183 1748 ariole·

147 1803 235 1861 tum,
271 1807 350 1870 quae
373 1787 413 1846 ed
432 1787 582 1869 liquidum
606 1786 734 1867 perduci
757 1799 927 1868 nequeunt.
981 1788 1075 1868 Quod
1097 1797 1182 1855 eninr

145 1890 254 1957 nostro
281 1909 421 1975 tempore
450 1891 515 1953 fieri
543 1893 697 1966 videmur,
731 1911 808 1963 uon
840 1895 941 1952 uriour
974 1893 1048 1952 olim
1079 1896 1182 1962 iocum

147 2000 275 2073 habuit,
308 2013 341 2061 vt
368 2002 402 2062 in
435 1994 558 2061 diuersis
585 1999 710 2080 populu
739 2017 775 2057 ac
802 1996 980 2082 regionibus
1014 1998 1063 2060 seu
1095 2025 1183 2068 more

145 2112 301 2169 maiorum
325 2105 378 2167 seu
399 2102 454 2167 soli
470 2121 579 2166 natura
601 2105 700 2165 aliaue
723 2099 898 2167 neceifitate
918 2120 1045 2186 urgente
1067 2109 1184 2175 diuersa

146 2213 224 2276 esset
244 2217 337 2274 aratri
356 2213 454 2272 forma
464 2255 474 2284 ,
496 2217 741 2295 retinereturque
761 2210 898 2276 deterior
918 2211 1019 2271 multis
1042 2218 1075 2274 in
1095 2216 1182 2293 locis,

147 2343 220 2382 curn
246 2324 279 2380 in
306 2320 370 2383 aliis
397 2319 512 2380 dudum
541 2323 669 2380 inuenta
701 2333 733 2380 et
756 2317 949 2400 frequentata
974 2315 1048 2379 eiiet
1073 2323 1184 2386 melior

147 2443 181 2490 et
201 2410 398 2488 elaboratior.
447 2426 598 2500 Euoiuat,
635 2429 684 2487 cui
706 2425 776 2487 talia
798 2443 889 2485 curae
911 2421 996 2496 sunt,
1040 2427 1182 2494 Paullum

146 2535 262 2600 Lucem
296 2532 447 2612 Voyages
473 2532 564 2593 Tom.
588 2532 614 2605 1,
636 2554 668 2614 p.
698 2534 765 2596 182.
814 2530 946 2594 Norden
976 2531 1113 2613 Voyage
1140 2557 1184 2598 ere

147 2643 276 2722 Egypte
293 2641 384 2699 Tom.
398 2639 424 2712 1,
440 2639 480 2719 pl.
496 2642 547 2702 56.
568 2639 638 2698 add.
655 2639 782 2720 Goguet
804 2637 896 2714 Orig.
920 2634 978 2697 des
996 2622 1083 2698 Leia
1102 2641 1140 2702 T.
1155 2641 1181 2718 i,

147 2768 182 2833 p.
202 2745 332 2830 184sqq·
374 2746 454 2828 Sunt
469 2749 614 2828 antiquae
627 2749 699 2805 ertir
721 2763 835 2825 opere,
863 2746 897 2803 in
918 2741 1029 2825 quibus
1048 2763 1184 2813 aratrum

146 2851 269 2914 vificur:
298 2855 347 2911 vix
369 2867 474 2914 tamen
486 2857 648 2914 notionem
663 2864 833 2911 accuratam
847 2848 920 2910 inde
935 2848 1080 2933 consequi
1093 2853 1182 2918 licet:

147 2960 264 3021 Comes
286 2958 325 3019 de
349 2960 468 3040 Caylus
488 2958 624 3022 Recueit
643 2955 677 3016 δ’
694 2956 886 3036 Antiquitds
907 2955 999 3019 Tum.
1014 2956 1053 3030 V,
1074 2959 1116 3039 pl.
1131 2964 1183 3027 82.

146 3066 290 3133 Museum
310 3062 469 3127 Etruscum
491 3063 704 3141 Tom.1„tab.
722 3077 795 3124 extr.
813 3061 908 3142 Spon.
922 3059 1047 3124 Miscell.
1061 3085 1092 3144 p.
1110 3069 1183 3133 508.

147 3173 205 3239 IX.
221 3171 409 3233 Winckeim.
422 3173 570 3235 Morum.
586 3168 676 3234 ined.
699 3191 731 3250 p.
751 3170 820 3230 105.
869 3168 1020 3231 Gemmee
1039 3187 1183 3253 aratnrm,

147 3279 278 3344 obscure
299 3293 405 3340 temen
411 3321 422 3352 ,
444 3279 613 3340 referentes
628 3277 695 3338 sunt
707 3273 784 3336 Mus.
799 3273 879 3340 Flor.
893 3275 985 3337 Tem.
998 3276 1038 3351 11,
1054 3280 1115 3346 tab.
1129 3291 1182 3364 42.

147 3388 280 3450 Gorlaei
301 3385 487 3471 Dactylioth.
501 3387 593 3447 Tom.
609 3384 649 3455 11,
669 3402 699 3446 n.
717 3384 788 3445 231.
845 3381 1005 3458 Aratrum,
1040 3391 1125 3469 quod
1149 3396 1184 3456 in

147 3497 276 3562 Hefiodi
292 3495 361 3558 edd.
377 3516 414 3558 ex
434 3508 497 3556 ant.
514 3491 604 3554 codd.
622 3487 815 3564 exhibetur„
839 3492 921 3553 etin
933 3490 1107 3561 Montiauc.
1125 3499 1184 3560 Pa.
1258 3478 1259 3483 ἵ

147 3606 264 3687 laeogr.
289 3624 333 3684 gr.
348 3621 419 3682 p.9
452 3603 619 3682 repetitum
641 3594 700 3671 est,
729 3595 846 3658 serioris
868 3594 920 3657 seu
942 3607 1110 3663 commenti
1133 3604 1182 3676 seu

148 3712 215 3772 vsua
239 3707 299 3772 etio
320 3723 427 3790 percu
453 3727 525 3768 nam
540 3706 579 3768 ab
594 3700 730 3767 ttettodo
745 3701 927 3784 adscriptum
945 3719 1041 3769 nemo
1063 3708 1182 3775 dixerit.

146 3818 293 3885 Formam
313 3818 419 3888 aratri,
471 3833 536 3900 quo
556 3832 641 3873 nunc
660 3810 823 3873 Mantuani
842 3808 1007 3873 inveneri
1029 3818 1183 3897 agricolae

147 3939 295 3997 utuntur,
334 3941 396 3986 vna
423 3940 493 3986 curn
523 3920 586 3981 aiio
616 3914 815 4006 exquiiitiorir
839 3913 1023 3994 structurae,
1056 3923 1184 4008 Martyn

148 4033 281 4111 exprimi
304 4031 423 4089 curauit
442 4027 483 4088 ad
503 4048 535 4110 p.
550 4029 603 4106 48.
646 4025 763 4115 Verum
783 4039 893 4085 uentre
914 4024 1013 4086 forma
1029 4046 1098 4087 cum
1114 4029 1185 4090 Vir.

147 4138 272 4222 gilianis
295 4133 394 4196 verbis
415 4133 482 4198 satie
505 4136 662 4196 conuenit.
704 4129 875 4194 Videbatur
890 4127 944 4193 fibi
959 4131 1090 4215 Argius,
1111 4134 1182 4204 Α.Ι.

149 4244 211 4305 der
228 4245 398 4305 Carrierer
426 4240 471 4322 (a
483 4242 703 4323 Diqsercatiorr
718 4260 761 4300 on
776 4237 913 4319 Virgil'r
932 4236 1127 4322 description
1145 4243 1192 4328 os
