2692 4914
268 343 562 422 rvoorrct
586 307 921 434 rcr.1v,1-'-5
1038 347 1109 419 ωδ

125 533 272 608 Vltima
292 535 449 606 Cumaei
471 536 572 606 venit
600 536 674 604 iam
697 535 867 605 carminis
892 541 1008 620 aetas&

74 670 240 767 Magnus
264 665 312 739 ab
334 671 480 765 integro
507 664 710 740 saeclorum
730 661 887 740 nascitur
915 663 1020 739 ordo.
1084 667 1109 740 5
1185 658 1189 667 ¹

68 849 121 902 set.
137 863 208 902 cunr·
226 849 277 912 al„
309 865 335 904 et
352 848 499 903 ficPierim
515 848 542 900 iu
563 847 691 919 plerieque
711 845 761 900 elie
782 847 833 901 εἰει
872 845 997 900 sententia
1016 867 1109 921 parum

67 935 233 988 commoda.
299 945 324 1007 '4
344 937 459 1007 Cymaet
478 934 594 1007 plerique
608 952 650 1006 ep.
663 933 729 985 Pier.
766 934 1015 1005 temporisMeuag.
1051 943 1109 989 lam

62 1029 150 1074 venit
167 1019 251 1073 Leid.

60 1187 206 1228 oermen
223 1165 291 1230 ,hoc
315 1164 489 1227 bucolicum
510 1165 576 1227 satis
617 1167 701 1226 Lect.
721 1152 843 1226 Hesiod.
867 1188 890 1226 c.
912 1169 955 1247 5),
983 1187 1049 1230 non
1071 1170 1108 1229 li-

59 1291 104 1331 ex
123 1269 289 1352 dignitate
304 1269 451 1329 Pollionis
467 1269 534 1330 Cos.
618 1283 676 1332 cet.
724 1267 808 1327 Nihil
830 1273 912 1328 enim
937 1274 970 1329 in
991 1272 1044 1332 ilio
1066 1273 1106 1334 de

107 1378 145 1449 4.
176 1372 212 1432 5.
250 1372 359 1452 Agitur
386 1375 447 1430 iam
473 1372 577 1439 vltima
616 1369 846 1432 reuoluentibus
866 1370 895 1430 se
917 1392 953 1431 ac
967 1374 1108 1438 redituris

61 1488 156 1533 aetas
175 1475 322 1531 carminis
337 1471 494 1556 Sibyllini;
519 1479 576 1534 ite·
618 1471 766 1533 aetatibus
795 1473 970 1535 melioribus
1004 1499 1109 1538 occur·

58 1596 140 1635 nnn
153 1574 337 1655 procedent
350 1573 476 1649 saecula,
495 1597 575 1659 quae
616 1577 671 1631 rit:
706 1571 762 1632 nifi
790 1572 915 1634 obscure
944 1577 1045 1638 elicias
1071 1602 1109 1640 ex

58 1680 224 1737 fuerunt:
264 1678 293 1737 6.
313 1697 342 1756 7.
365 1676 513 1758 Adeoque
527 1700 576 1740 re·
616 1674 655 1733 vs.
676 1676 734 1753 175
758 1664 883 1752 ’ὄφειλον
896 1708 939 1722 -
954 1664 972 1759 ’i
985 1675 1107 1762 πρόσθε

58 1776 383 1840 ditnnncsaecuium
391 1779 574 1854 Saturnium,
616 1773 742 1847 θανεῖν,
781 1764 926 1858 ἢέπειτα
947 1779 1104 1852 γενέσθαι.

58 1899 206 1942 etcum
227 1899 269 1939 eo
289 1878 450 1939 hominum
469 1903 574 1963 genus,
618 1877 705 1957 Quot
739 1892 850 1939 aetates
885 1879 999 1962 Sibylla
1035 1901 1109 1945 con·
1126 1900 1141 1929 ’-

60 1984 168 2067 quale
184 1980 308 2041 saeculo
322 1982 377 2041 illo
396 2002 488 2042 aureo
508 1985 573 2045 suit.
615 1975 753 2051 stituerit,
770 2000 807 2039 ex
821 1978 851 2039 h.
866 1981 886 2038 l.
902 2002 967 2043 non
983 1983 1120 2049 constat„

58 2087 187 2168 ltaque
222 2104 252 2141 v.
283 2084 312 2146 8,
350 2104 369 2163 9
395 2082 574 2146 subiicitur:
615 2080 715 2138 Etiam
744 2084 779 2140 in
812 2097 943 2144 retracto
972 2103 1109 2150 aetatum

59 2207 177 2271 puero
199 2200 275 2245 nato
294 2185 425 2245 ferream
448 2204 575 2249 aetatem
616 2183 701 2242 cursu
721 2205 793 2243 mox
815 2201 933 2246 tanturn
955 2211 1107 2254 memora·

61 2287 239 2360 delinere,
289 2307 413 2346 auream
456 2294 573 2350 exoriri.
617 2300 667 2343 tur
692 2287 802 2347 melior
826 2288 878 2348 seu
899 2309 991 2356 aurea
1012 2311 1105 2371 aetas,

60 2394 162 2452 Haec
179 2389 252 2449 sunt
270 2388 331 2468 ipsa
345 2407 459 2471 poetae
478 2388 575 2472 phan-
615 2383 666 2442 sua
686 2388 820 2464 exordia,
841 2395 1049 2471 incrementa,
1076 2413 1109 2459 et

62 2508 221 2565 ramata,
242 2489 265 2551 fi
283 2490 360 2551 nihil
380 2492 504 2553 aliunde
524 2494 576 2553 ad·
617 2483 712 2570 ἇκμῆν
734 2489 859 2558 hebens.
901 2496 933 2555 Si
947 2519 1040 2579 quem
1056 2520 1108 2560 ve·

65 2597 211 2656 seruerit.
255 2594 351 2676 Igitur
371 2615 494 2656 carmen
511 2611 576 2655 tum
616 2608 653 2647 10
674 2591 748 2650 illud
768 2595 848 2654 male
871 2594 979 2671 babet,
1008 2601 1106 2683 quod,

67 2699 257 2779 supererat,
278 2698 362 2780 quod
378 2699 416 2757 ad
431 2698 575 2780 Sibyllam
618 2710 686 2747 cum
706 2693 859 2758 Cumanae
882 2700 1013 2783 Sibyllae
1037 2704 1108 2764 libri

68 2803 255 2859 Cumanam
277 2801 369 2881 vulgo
397 2801 502 2860 referri
530 2800 577 2863 so.
616 2797 649 2850 in
665 2793 816 2873 Capitolio
832 2799 1037 2877 seruarentur,
1057 2810 1106 2864 ni-

67 2904 182 2974 lebat,
212 2906 247 2960 in
268 2923 348 2983 quo,
383 2901 435 2961 vbi
458 2903 575 2960 vltima
616 2894 658 2953 hil
680 2917 717 2954 ex
744 2901 779 2955 iis
808 2917 939 2978 apoetn
965 2902 1029 2962 sciri
1052 2923 1105 2965 aut

69 3022 173 3064 aetas
197 3002 383 3078 aduenisset,
422 3027 510 3086 quam
535 3006 573 3064 de
615 2998 731 3078 vulgari
754 3005 905 3077 potuerit:
937 3007 1107 3067 tenendum

71 3109 123 3167 sua
141 3122 246 3166 aetate
261 3111 478 3186 interpretatur
499 3130 575 3186 poe·
616 3095 668 3167 est,
691 3104 868 3160 auctoritate
882 3105 1022 3181 Senatus,
1045 3131 1106 3192 que

72 3227 116 3279 ta,
140 3208 310 3267 meliorum
329 3223 502 3290 temporum
524 3232 574 3270 or·
615 3201 740 3282 quidem
776 3203 845 3261 talia
881 3210 929 3286 agi
961 3209 1004 3268 sas
1039 3228 1105 3273 erat

75 3313 134 3382 do,
168 3331 228 3391 per
250 3300 492 3375 α’πωὶατοίστασιν
520 3314 573 3371 ali·
615 3303 804 3379 (V·D10fib·
825 3306 973 3382 XXXIX,
998 3333 1022 3371 c·
1039 3318 1104 3394 Ι15),

74 3434 181 3495 quam,
193 3412 299 3470 denuo
313 3414 481 3491 procedere
493 3436 573 3476 nun·
613 3406 708 3463 multa
724 3404 829 3485 pflffim
849 3430 885 3469 ex
903 3411 985 3474 libris
1007 3417 1106 3500 Sibyl·

78 3515 231 3582 tiabatur3
272 3514 370 3587 Nam,
397 3517 572 3575 Cumaeam
614 3509 682 3567 linis
709 3510 848 3591 vulgata,
884 3529 916 3573 et
945 3535 1104 3596 praeterea

78 3638 212 3676 carmen
230 3616 269 3675 de
284 3616 459 3689 Ikfiodeo,
480 3621 572 3680 aDio
613 3632 758 3693 magnum
773 3611 934 3676 effatorum
944 3619 1106 3704 Sibyllino-

7 3755 9 3771 ι
82 3725 145 3779 eins
168 3735 276 3799 patre,
314 3721 417 3779 Cumis
439 3722 571 3781 oriundo
613 3735 679 3771 rum
700 3735 873 3793 numerum,
902 3723 1106 3808 vndecunque

84 3821 155 3897 (vid,
179 3823 285 3900 opera
309 3837 341 3881 et
361 3823 435 3882 Die,
458 3845 485 3882 v,
510 3828 572 3886 636
614 3832 773 3896 acceptum
789 3837 871 3881 etex
893 3832 1007 3888 cunctis
1030 3850 1105 3911 gen-

86 3919 158 4000 sq.),
209 3920 374 3982 secundum
417 3926 572 3986 Valerium
615 3920 694 3979 tibus
711 3940 916 4002 apportatum,
944 3933 1037 4012 vulgo
1060 3936 1107 3990 in·

88 4021 225 4097 Probum,
251 4027 503 4102 Grammaticum,
526 4036 571 4089 in.
615 4037 661 4080 ter
687 4021 826 4088 homines
847 4034 989 4090 iactatum
1008 4029 1104 4090 suiss'e.

92 4124 215 4204 telligere
241 4130 322 4202 (cum
338 4128 474 4191 Fabricio
495 4132 571 4191 Bibl.
614 4145 642 4185 v.
662 4128 893 4207 Argumentum.
942 4131 1106 4193 Constituit

97 4224 194 4292 Graec,
207 4228 230 4302 l,
246 4233 298 4303 30,
318 4240 366 4309 14,
389 4248 421 4292 et
435 4234 571 4294 Graequ
614 4247 715 4292 nutem
731 4246 824 4313 poeta
838 4248 968 4294 aetatem
984 4255 1108 4294 auream
