2692 4914
139 209 245 369 νηί
459 271 849 366 etantanto

143 472 277 600 genia
318 469 559 562 excitarem
599 493 646 562 et
680 499 908 580 acuerem,
958 494 1098 590 quam
1125 484 1174 557 vt

144 668 319 750 meum,
357 634 668 760 qualecunque
695 633 808 726 illud
835 633 906 745 fit,
946 633 1174 723 iactarem.

148 798 386 920 Quamdiu
427 804 549 892 enim
585 804 634 890 in
678 799 749 892 his
786 797 937 890 studiis
982 792 1178 889 versatus

148 961 264 1079 ium,
290 964 339 1056 id
364 967 454 1095 egi,
489 989 540 1058 vt
563 966 737 1058 litterae
765 961 1109 1056 emendarentur
1134 981 1181 1050 et

148 1128 470 1256 perficerentur
498 1131 588 1223 fiue
615 1164 699 1258 per
720 1160 795 1221 me
821 1129 910 1219 fiue
937 1158 1021 1253 per
1044 1124 1180 1238 alios}

151 1318 197 1385 et
227 1292 345 1389 soleo
380 1295 558 1410 laetari,
610 1296 786 1421 quoties
825 1295 943 1384 inter
979 1290 1184 1421 vulgaria

148 1457 308 1552 haberi
328 1461 461 1555 video
485 1492 559 1575 ea,
595 1491 712 1587 quae
738 1458 848 1551 olim
870 1489 992 1550 noue
1023 1478 1069 1547 et
1101 1487 1184 1547 au·

151 1623 305 1719 dacter
339 1627 460 1720 dieta
494 1626 620 1720 haud
648 1655 752 1718 raro
794 1622 1092 1749 displicebant
1120 1618 1184 1713 se·

151 1794 336 1884 niorum
370 1792 560 1888 iudiciis.
620 1796 798 1923 ¹Neque
840 1790 1027 1881 omnino
1062 1787 1186 1881 hane

152 1960 380 2050 rationem
398 1955 735 2051 commentandi
756 1959 806 2046 in
832 1978 1004 2049 veteres
1028 1977 1186 2046 aucto·

154 2154 228 2215 res
254 2121 452 2216 elassicos
479 2144 698 2248 tanquam
731 2126 861 2216 vnice
899 2118 1188 2247 probandam

156 2308 204 2377 et
226 2286 588 2413 amplectendam
613 2286 861 2399 venditaui3
896 2307 1054 2376 contra
1075 2315 1186 2375 vero

157 2482 265 2542 cum
288 2452 385 2545 aliis
413 2455 463 2544 in
494 2453 628 2566 locis,
674 2473 773 2543 turn
808 2454 858 2541 in
895 2448 1188 2576 praefationi«

155 2613 244 2708 bus
283 2614 470 2709 studiose
514 2617 741 2710 deelaraui
786 2610 958 2708 diuersa
1004 2613 1189 2707 diuerfis

158 2780 351 2874 consiliis
380 2782 725 2876 accommodata
752 2778 1089 2874 commentandi
1112 2810 1190 2908 ge-

156 2976 286 3060 nera,
303 2969 348 3038 et
360 2946 514 3041 locum
529 2944 657 3040 suum
671 2947 884 3076 affignaui
895 2945 1003 3038 huie
1014 2943 1187 3034 nostro·

157 3115 413 3204 memoratri
447 3144 652 3236 qnoque,
704 3143 844 3236 quam
878 3109 1061 3203 laudem
1100 3109 1188 3198 stu-

158 3271 287 3363 dium
310 3272 513 3367 vertendi
534 3278 583 3364 in
607 3274 898 3369 remaculum
924 3273 1190 3398 sermonem,

157 3458 206 3527 et
228 3469 341 3566 quas
363 3441 725 3565 opportunitates
748 3461 793 3533 et
813 3438 1057 3534 commoda
1076 3435 1191 3530 illud

158 3599 345 3717 habeat,
396 3603 623 3697 interdum
652 3604 712 3696 ad
741 3602 882 3732 ipsam
924 3607 1192 3730 interpreta-

157 3767 296 3858 tionis
348 3763 651 3887 subtilitatem3
722 3803 808 3864 nec
847 3773 1035 3862 omnino
1075 3767 1191 3861 iilud

157 3930 352 4025 multum
379 3934 437 4027 ab
460 3939 754 4032 annotatione
779 3957 1001 4064 pe1petua
1023 3933 1192 4027 disere-

157 4120 257 4224 pat,
312 4066 465 4193 saltem
517 4127 738 4228 quatenus
790 4130 943 4200 veram
992 4102 1192 4193 auctoris
