2692 4914
1141 52 1159 89 ἲ

244 309 321 385 500
473 307 515 380 P.
538 302 785 381 VIRGILII
815 303 1072 380 MARONss
1135 351 1137 355 ·

247 491 351 597 Quid
373 488 513 583 dicam,
549 497 648 567 iacto
670 495 736 591 qui
756 487 894 566 semine
914 494 1124 572 comminus
1147 513 1237 561 arua

245 627 472 734 adequans,
516 627 764 729 cumulosque
790 631 864 700 ruit
892 626 990 701 male
1019 628 1168 727 pinguis
1202 646 1280 693 are·

866 759 964 836 nae?
1212 755 1278 829 105

247 985 248 988 ’
322 925 374 1036 *¹⁰4
394 930 471 1021 tacco
495 976 556 1019 'cum
574 965 671 1019 Mores.
690 963 738 1022 soc.
827 968 876 1022 105
894 971 1070 1038 cumulosque
1085 964 1186 1019 Medic.
1209 982 1277 1017 am.

239 1055 297 1114 fec.
315 1052 433 1108 Parthas.

251 1227 363 1311 sponte
393 1224 422 1287 se
459 1223 552 1288 offert
585 1225 746 1287 sententia.
767 1241 769 1245 ’
787 1251 863 1293 mus.
886 1228 970 1289 Alius
985 1222 1179 1285 haecomnia
1193 1243 1281 1304 prae·

248 1332 282 1392 Si
303 1344 408 1389 tamen
428 1344 500 1391 ante
516 1332 747 1413 grammaticum
788 1331 933 1415 cipiendo
951 1323 1118 1408 eatulifl'et:
1156 1326 1281 1386 Facien-

247 1431 332 1494 vsum
346 1427 516 1492 adhibitum
530 1433 665 1495 attuleris
677 1452 748 1491 ocu·
789 1437 863 1496 dum
878 1430 921 1495 est
940 1430 1000 1492 hoc
1021 1444 1053 1489 et
1073 1429 1167 1502 illud,
1192 1445 1225 1489 et
1243 1425 1280 1487 fic

248 1555 325 1596 men
344 1537 480 1616 ingenii,
501 1533 653 1595 sententia
671 1532 748 1596 haec
788 1558 949 1623 porro.·-
991 1535 1059 1595 105.
1086 1550 1174 1589 arna
1195 1530 1281 1607 Inse-

132 1634 135 1636 ’
248 1638 373 1723 prodit:
399 1636 512 1698 'laetus
533 1656 571 1696 ex
592 1637 647 1698 tali
668 1651 745 1697 tem·
786 1644 910 1726 quicar,
930 1635 1028 1697 sulcos
1043 1633 1142 1695 factos
1156 1638 1191 1693 in
1207 1652 1279 1693 aruo

166 1772 168 1784 ⁴
247 1745 336 1825 perio
363 1735 408 1801 est
436 1759 525 1824 agen
582 1759 642 1800 nec
672 1757 746 1821 ager
785 1741 988 1825 prosequitur,
996 1739 1090 1798 alium
1104 1733 1175 1818 post
1189 1737 1282 1796 alium

246 1841 381 1929 Myfise,
407 1838 462 1904 etfi
474 1836 661 1915 cultiffimus,
676 1861 746 1900 cum
786 1842 885 1907 rastris
904 1839 1096 1923 frangendo,
1123 1855 1156 1901 et
1174 1860 1280 1899 cumu-

248 1959 290 2011 e'o
311 1942 354 2006 est
380 1943 622 2024 comparandus;
669 1941 746 2002 heec
786 1950 834 2009 los
855 1946 907 2008 seu
928 1947 1059 2005 nimium
1085 1940 1140 2002 seu
1165 1943 1279 2003 inutili.

94 2050 96 2055 ’
125 2098 129 2104 .
248 2052 373 2130 poetice
397 2041 516 2106 ornaffo
531 2045 629 2104 videri
642 2042 743 2124 potest
787 2067 834 2112 ter
858 2050 997 2130 pinguis,
1034 2043 1065 2104 h.
1091 2044 1180 2118 duri,
1213 2045 1278 2118 ioli,

247 2151 350 2211 Maro,
376 2147 465 2206 Hanc
483 2146 548 2205 fere
561 2146 743 2208 sententiam
785 2152 889 2238 glebas
903 2152 1092 2221 tenaciores,
1114 2148 1279 2209 contundit

212 2311 214 2314 ,
247 2245 417 2332 expressam
455 2248 542 2309 vides
580 2251 615 2308 in
641 2247 741 2309 verbis
784 2271 817 2317 ot
839 2258 951 2316 euertit
972 2265 1004 2313 et
1025 2254 1112 2311 omni
1125 2266 1215 2331 parte
1230 2271 1279 2309 ae·

246 2349 401 2416 Macrobii
413 2351 454 2423 V,
472 2370 513 2410 ao
543 2350 679 2423 „Omnis
694 2372 743 2411 re·
785 2372 869 2441 quat.
891 2358 940 2417 Fit
953 2352 1013 2415 hoc
1022 2353 1094 2416 alias
1108 2352 1276 2413 saisitione.

249 2460 312 2541 gio,
334 2474 414 2537 quae
423 2467 619 2533 opportunos
628 2451 743 2513 habuc·
784 2462 835 2519 De
856 2479 918 2541 qua
935 2479 963 2521 v,
986 2477 1012 2516 c.
1033 2456 1156 2518 Colum.
1169 2455 1208 2527 11,
1229 2476 1276 2514 η.

246 2563 288 2621 rit
318 2556 483 2630 humores,
528 2555 745 2642 aequiperabis
783 2562 910 2643 insequi
931 2558 1016 2620 idem
1042 2574 1136 2640 atque
1158 2578 1276 2640 vrgere,

247 2661 469 2725 fecunditatem
499 2680 646 2721 aruorum
673 2660 744 2743 My·
784 2661 894 2724 instare
923 2677 955 2722 et
973 2659 1037 2722 fine
1056 2658 1277 2721 intermistione

245 2760 342 2828 fiae.“
364 2763 500 2824 Multum
513 2763 633 2825 recedit
650 2765 740 2823 tertia
784 2780 837 2826 aut
856 2784 945 2826 mosa
966 2784 1033 2828 rem
1051 2760 1149 2823 statim
1171 2784 1277 2846 aggse·

243 2872 325 2932 ratio
331 2911 343 2944 ‚
363 2882 397 2929 vt
417 2863 453 2927 fit
460 2908 475 2941 ,Ἴ
512 2865 617 2949 Myssa
647 2864 739 2923 nullo
782 2869 829 2942 di,
858 2882 912 2929 aut
931 2865 1084 2949 prosequi.
1136 2868 1187 2926 Sic
1205 2866 1276 2946 fos·

85 2952 122 2986 ⁴⁴
247 2971 356 3039 cultu,
404 2989 485 3054 quae
512 2990 580 3030 non
608 2968 739 3051 colitur;
772 2972 837 3050 sor
860 2970 1061 3051 insequitur,
1101 2974 1275 3052 pampina-

245 3071 324 3135 haec
337 3073 462 3154 irigent,
481 3092 551 3132 cum
568 3069 665 3134 otiose
683 3067 742 3134 lint
783 3090 838 3135 eor
858 3074 1040 3154 insequitur
1068 3091 1118 3152 ap.
1143 3073 1274 3144 Colum„

246 3175 373 3236 adiecta.
560 3155 569 3191 ⁸
784 3193 816 3239 et
829 3176 884 3238 inf.
903 3178 960 3239 155
981 3174 1138 3251 insectari
1152 3190 1275 3233 terram

291 3283 485 3355 104-110.
516 3272 645 3338 Prodest
663 3295 742 3358 quo·
783 3277 904 3357 resins.
946 3275 1070 3338 Hefiod.
1096 3267 1190 3362 Ἔργ.
1212 3281 1274 3357 469

246 3399 309 3461 que
345 3375 479 3439 semente
514 3380 595 3439 iacta
635 3376 739 3460 glebas
781 3379 854 3448 ὅδὲ
875 3378 987 3451 τντθδς
1007 3371 1141 3447 ὄπισθεν
1160 3375 1275 3458 decade,

245 3475 344 3541 rastris
370 3485 599 3549 comminuere,
638 3494 671 3541 vt
696 3477 741 3538 se·
780 3483 864 3563 ἔχων
884 3481 1039 3566 μακέλην,
1088 3475 1179 3548 πίνον
1202 3480 1275 3567 ὀρνί-

244 3603 320 3646 men
329 3581 487 3657 obruatur,
502 3599 621 3665 otaqua
632 3602 739 3664 agrum
780 3584 873 3650 deest
894 3583 995 3667 τιθείη
1009 3584 1181 3668 Στέμματι
1204 3607 1274 3649 aa*

246 3684 413 3747 obducere.
458 3685 549 3770 Quid
567 3685 678 3744 dicam
699 3685 738 3744 do
781 3683 928 3773 κρύπτων.
973 3707 1078 3747 arena
1107 3708 1168 3768 pro
1198 3685 1273 3756 solo,

245 3808 302 3862 eo,
325 3789 401 3870 qui,-
436 3785 465 3846 h.
485 3787 642 3867 praeclare
656 3785 740 3848 haud
779 3804 861 3850 terra
893 3795 1039 3852 omnino}
1079 3806 1113 3853 vt
1134 3790 1190 3865 IV,
1214 3809 1272 3870 291

247 3890 341 3951 dubie
363 3904 395 3948 et
410 3894 433 3950 is
449 3890 522 3951 facit
540 3893 609 3973 qui:
642 3904 739 3951 trans-
780 3891 1163 3977 atviridemAegyptum
1176 3897 1275 3974 nigra

244 3997 306 4054 itus
326 3992 481 4066 formula,
516 3997 609 4054 etiam
628 3998 662 4053 in
683 4015 739 4076 pe-
772 3995 941 4078 fecsmdat
978 4017 1085 4057 arena
1118 3997 1274 4060 Nilus-

246 4093 335 4158 destri
350 4097 500 4157 oratione.
552 4095 589 4158 In
610 4095 667 4157 hac
685 4119 739 4158 au·
781 4099 927 4161 Ceterum
948 4123 976 4165 v.
1002 4105 1061 4165 106
1073 4100 1139 4185 sqq.
1172 4098 1275 4164 noster

245 4217 310 4262 aem
330 4198 475 4264 varianda
496 4199 586 4310 Mero
609 4184 743 4271 feliciffiss
778 4201 864 4268 Iliad.
877 4208 915 4288 φ,
932 4210 993 4289 257
1007 4203 1071 4291 sqq.
1092 4226 1097 4233 ·
1116 4209 1274 4292 egregium
