2692 4914
260 326 1064 430 onoaurcoumn.111,375-3ar
1139 337 1215 441 617
1320 273 1323 280 ¹

169 519 276 590 Gens
297 512 440 590 effrena
466 521 587 589 virum
613 517 783 618 Rhipaeo
806 517 976 594 tunditur
996 525 1110 617 Euro,

165 655 218 726 Et
241 651 432 754 pecudum
456 648 568 722 fuluis
591 651 735 726 velatur
755 679 916 753 corpora
942 653 1057 731 saetis.

247 788 287 862 Si
310 785 378 859 tibi
399 785 570 859 lanitium
600 813 731 863 curae:
770 794 933 889 primum
963 789 1089 891 aspera
1107 789 1207 906 silua,

164 983 195 1021 et
211 969 247 1019 H.
268 964 358 1020 Schol.
381 966 473 1018 Horat.
493 965 547 1018 Od.
567 967 592 1021 11
615 983 695 1028 extr„
738 965 784 1021 sed
796 946 913 1040 'vulgata
931 971 1001 1042 apud
1027 973 1129 1026 Donat.
1149 973 1205 1028 Pri·

160 1054 242 1107 scian.
283 1051 393 1104 Bedam.
455 1052 645 1124 Irfyperboreie
676 1052 748 1106 Tell.
857 1056 907 1109 382
931 1054 1033 1112 'Pinara
1067 1058 1113 1128 ὅρη
1146 1059 1206 1114 scri·

162 1138 243 1192 bitur.
271 1129 276 1142 ¹
323 1139 373 1191 383
393 1138 507 1190 velatur
527 1154 597 1191 recte
623 1137 712 1191 Heius.
736 1137 865 1211 reposuit,
899 1156 1034 1214 tamquam
1061 1142 1204 1215 elegantior

160 1243 210 1295 per
230 1223 420 1295 graeciamum,
446 1223 612 1284 ollomano,
646 1240 672 1277 et
687 1223 903 1278 alioPieriauoa
918 1246 953 1280 m.
968 1246 1026 1299 pu,
1064 1230 1125 1284 item
1147 1231 1205 1285 Gu-

159 1308 253 1369 diano,
289 1311 416 1361 vellatur
427 1309 494 1361 Ven.
512 1308 617 1361 Wakes.
632 1308 666 1360 ad
679 1311 781 1363 Lucret.
799 1312 844 1373 lV,
862 1313 921 1382 591.
949 1312 990 1365 vbi
1009 1315 1100 1369 Pinea
1112 1317 1204 1387 semi·

149 1394 219 1468 seri
248 1403 349 1465 capitis
374 1397 537 1449 vellamIrra
567 1394 698 1469 quaffanr
727 1414 775 1465 pro
802 1397 948 1449 velamina
983 1398 1123 1455 intulerant
1154 1402 1203 1456 viri

158 1480 248 1542 docti,
281 1480 433 1534 recordatus
459 1481 536 1534 huiut
561 1480 614 1541 loci
637 1485 765 1535 vallatur
796 1482 951 1552 reponendo
982 1488 1084 1559 egregia
1110 1488 1202 1541 locum

158 1563 258 1629 [anasse
278 1567 303 1620 se
325 1568 484 1639 pronuntiat.
534 1569 567 1620 At
588 1567 735 1636 Naugeriua
755 1565 855 1619 dudum
877 1567 931 1621 hoc
950 1567 1021 1621 idem
1046 1572 1201 1646 expresserat

156 1651 218 1708 ald
237 1668 311 1714 tert.;
331 1652 461 1705 redierant
477 1669 564 1705 tamen
585 1653 715 1713 editores,
738 1668 763 1705 vt
777 1651 920 1706 innumeris
942 1653 999 1709 aliia
1018 1657 1046 1709 in
1060 1656 1139 1719 locia,
1164 1659 1199 1714 ad

155 1738 290 1810 vulgarem
307 1737 449 1792 lectionem
477 1740 625 1798 velantur,
663 1756 730 1808 quae
752 1734 845 1789 inlidet
864 1736 969 1809 reliquia
989 1740 1084 1804 codd.;
1117 1745 1199 1798 ariana

153 1822 256 1879 Medic.
270 1824 373 1894 fluuiis
395 1831 426 1886 (a
442 1843 479 1889 pr.
495 1843 530 1876 m.
539 1839 549 1887 )
564 1825 705 1875 velantur.
740 1819 851 1874 Versum
864 1820 986 1892 languere
1000 1824 1077 1878 facila
1090 1826 1194 1892 sentiar,

153 1907 348 1967 fiseutentiam
369 1907 513 1966 excussoria.
554 1908 706 1979 Tamquam
726 1906 845 1960 inutilem
865 1906 1007 1961 rescindere
1025 1930 1132 1983 quoque
1150 1932 1196 1968 uo·

153 1993 228 2049 lebat
245 1997 297 2048 lac.
313 1997 409 2065 Bryant
426 1993 508 2049 modo
522 2012 537 2045 a
550 2013 592 2046 me
605 1992 735 2046 laudatus.
771 1993 871 2045 Pedem
893 1992 981 2048 fixerat
995 2011 1074 2066 poeta
1088 1998 1115 2050 in
1131 1996 1193 2053 loco

152 2079 267 2134 lubrico.
316 2079 470 2139 Narratioui
497 2078 627 2132 finiendae
654 2074 808 2138 sententiam
834 2077 957 2131 subiicere
984 2079 1088 2135 volebat
1108 2082 1191 2138 hano:

150 2167 194 2232 Ita
209 2168 300 2219 viuuut
314 2165 406 2240 populi
421 2164 672 2234 septemtrionalium
687 2179 820 2217 terrarum.
855 2164 930 2226 Hoc,
949 2179 975 2217 vt
988 2184 1075 2237 poeta,
1097 2186 1193 2225 ornare

152 2252 256 2306 debuit.
293 2252 358 2312 Pro,
383 2251 420 2303 ita
432 2251 539 2311 viuum,
561 2249 612 2303 hac
625 2250 676 2303 vita
689 2265 809 2311 utuntur,
832 2247 939 2305 subiecit
957 2252 1106 2313 ornatiora:
1127 2269 1190 2309 tuu-

152 2337 234 2392 ditur
251 2338 329 2389 Eure
346 2355 418 2408 gena
438 2351 465 2388 er
483 2338 597 2390 velatur
610 2336 703 2406 saeris
720 2334 877 2406 pecudum:
915 2334 1017 2405 frigoris
1040 2337 1091 2397 vim
1114 2357 1193 2412 expe·

149 2424 234 2489 titur,
258 2437 284 2477 et
299 2420 420 2479 aduersut
436 2419 509 2481 illm
523 2419 659 2479 velleribur
671 2419 785 2480 serarum
803 2439 898 2493 corpus
914 2420 1008 2475 munit.
1083 2423 1192 2500 38414·

147 2579 233 2643 Gell.
251 2578 290 2647 II.
308 2582 373 2658 ai),
392 2576 488 2652 sidua,
516 2582 649 2662 antiquie
692 2597 753 2661 que
786 2576 933 2657 Illu'paeo
970 2577 1099 2653 adiecit,
1154 2595 1189 2643 vt

148 2685 277 2746 Graecia
308 2670 411 2761 ἅμαξα
443 2681 648 2762 appellatum,
691 2678 850 2740 borealem
866 2699 902 2738 ec
921 2679 1065 2762 frigidum
1086 2683 1188 2746 decla·

147 2789 302 2871 quoniam
322 2784 376 2845 sub
399 2781 524 2866 plaustri
547 2782 648 2862 specie
690 2795 788 2858 raret3
811 2778 874 2854 eali,
894 2779 1091 2864 liarguteris,
1110 2784 1187 2846 Rhi.

146 2889 270 2971 septem
294 2888 396 2950 versua
423 2889 532 2968 pulum
559 2888 648 2945 arcti·
688 2886 759 2965 paei
773 2898 895 2944 montet
912 2883 951 2943 ab
967 2885 1097 2946 Oriente
1113 2886 1186 2973 Scy·

148 3015 224 3056 cum
240 2990 338 3054 stellas
358 2987 646 3072 repraesentabant3
690 2983 773 3045 thiae
800 2981 890 3065 politi
919 2986 1015 3046 videri
1042 2984 1184 3066 possuntt

146 3111 185 3159 vt
206 3097 286 3161 farte
298 3094 495 3175 septemtrio
515 3086 552 3148 lit
568 3087 647 3166 sep·
689 3089 729 3148 de
751 3086 861 3170 quibus
882 3102 914 3148 vt
938 3088 978 3148 de
1001 3091 1088 3149 omni
1109 3090 1187 3172 Sep.

147 3213 219 3265 rem
233 3196 385 3259 stellarum
402 3194 486 3257 cerie
508 3189 560 3249 seu
581 3209 647 3247 cur·
689 3195 855 3254 temtrione
877 3211 937 3270 pro
956 3187 1080 3251 diuersis
1107 3207 1185 3253 tem·

143 3321 219 3367 rue:
250 3303 284 3357 in
306 3293 429 3377 plaustri
450 3294 553 3354 locum
574 3312 647 3356 mox
688 3292 816 3374 poribus
831 3307 863 3352 et
878 3297 1064 3374 opinionum
1078 3291 1186 3357 viciffi·

146 3400 226 3463 Vrsa
247 3403 347 3460 maior
373 3412 404 3457 et
431 3401 551 3469 minor,
594 3408 647 3458 aut
688 3397 796 3460 tudine
813 3395 909 3454 multe
932 3416 968 3455 ac
989 3400 1072 3464 varia
1096 3397 1184 3460 labu-

145 3503 247 3567 altera
269 3517 351 3563 certo
375 3501 515 3578 (Homer.
541 3492 645 3580 Odysl.
687 3499 765 3559 latos
789 3493 849 3558 elle
871 3513 1007 3572 veteres,
1040 3497 1131 3580 saepe
1151 3518 1183 3564 et

145 3630 178 3683 a,
197 3605 282 3683 273)
304 3599 447 3669 successit.
480 3600 541 3662 vid.
562 3601 645 3662 arat.
687 3622 705 3661 a
735 3600 838 3660 multis
868 3602 937 3659 viria
959 3599 1058 3661 doctis
1082 3608 1184 3665 moni·

146 3706 321 3771 Phaenom.
338 3726 388 3785 27.
415 3703 498 3766 cons.
513 3703 552 3763 ad
567 3703 645 3765 Aen.
687 3719 753 3765 tum
770 3724 806 3764 ac
820 3702 1008 3783 disputatum
1026 3700 1086 3777 esi,
1104 3709 1184 3768 ario-

144 3809 174 3885 1,
197 3815 270 3887 744
333 3809 420 3871 382..
439 3805 530 3867 Gerra
552 3804 647 3886 effle-
687 3804 855 3867 lationibus
871 3825 998 3888 quoque
1014 3805 1054 3870 de
1074 3809 1183 3870 iisdem

146 3931 270 3972 norum
305 3912 474 3983 virorum,
528 3909 646 3992 vulgari
688 3907 779 3970 rebus
794 3903 989 3987 interpositis.

136 4018 289 4083 ,ratione;
310 4011 340 4073 h.
353 4016 545 4085 immanium,
566 4011 649 4073 lero·
731 4013 921 4090 384—593
955 4011 1122 4092 Praecepta
1137 4010 1184 4073 su·

147 4138 229 4180 rum.
280 4116 408 4175 Ermum
441 4119 552 4178 iterum
588 4135 648 4197 pro
690 4135 748 4196 per
761 4114 899 4173 lanarum
913 4109 1022 4179 studio.
1043 4114 1104 4180 vid.
1123 4114 1186 4176 Co·

147 4239 343 4307 quocunque
364 4232 459 4284 vento
474 4217 568 4300 dixit3
592 4222 650 4281 ita·
690 4218 764 4281 lum.
785 4217 908 4296 VIM),
932 4235 962 4299 9.
993 4223 1033 4295 4,
1051 4223 1100 4315 4,η
1132 4217 1185 4278 De
