2700 4906
351 234 935 374 Pnronrstnrurours
1085 331 1195 386 ιω

144 488 228 577 rita,
268 488 473 584 conditio,
512 489 663 567 fortuna
689 501 869 589 auctoris,
884 550 888 555 -
904 515 943 574 et
961 502 1113 602 publica
1134 541 1193 592 re-
1329 528 1334 535 '

147 647 222 696 rum
243 620 388 716 iacies,
416 651 532 728 quarn
551 625 625 728 ipse
649 647 737 704 aute
757 630 888 706 oculos
903 632 1076 734 habebat,
1103 672 1192 725 cum

151 754 343 850 scriberet,
368 778 464 834 noto
483 759 544 853 fit,
572 761 690 837 multa
706 768 747 838 in
763 790 995 869 unoquoque
1013 772 1191 877 scriptore

152 888 302 968 obscura
339 918 417 969 nec
448 893 533 970 satis
573 895 749 997 expedito
771 923 928 976 manere
953 905 1101 985 neceiie
1127 915 1188 991 est.

154 1025 412 1122 Quamobrem
431 1028 508 1106 hoo
528 1033 845 1132 interpretationis
860 1060 995 1136 genus,
1023 1045 1127 1143 quod
1144 1074 1192 1126 ex

155 1161 329 1234 interiore
354 1162 541 1238 eiusmodi
570 1161 743 1242 historiae
770 1172 906 1244 notitia
935 1177 1095 1275 petitum
1127 1184 1188 1280 est,

156 1296 316 1396 inprimis
338 1294 579 1394 probandum
601 1295 675 1374 effe
695 1297 914 1398 existimo.·)

190 1478 410 1559 ⁴)Subiiciam
431 1481 482 1546 hic
495 1505 533 1546 ex
546 1490 652 1566 priore
673 1486 810 1550 editione
825 1486 965 1566 disticha,
995 1495 1106 1578 quibus
1120 1523 1187 1567 enm

159 1582 202 1644 fr.
218 1582 320 1648 Wllt.
332 1583 459 1658 raino,
483 1586 661 1652 emiciffimo
680 1593 764 1666 viro,
794 1590 1009 1676 inscripserem.

461 1752 889 1829 VIRGILIVS

189 1895 222 1955 Si
238 1892 308 1968 tibi,
326 1895 378 1953 eni
391 1909 477 1956 recte
492 1895 594 1957 trades
608 1916 679 1971 me,
701 1898 875 1981 quaeritur,
898 1894 962 1982 ipsu

231 2004 400 2094 Quemque
420 2000 533 2063 Thalia
551 2001 682 2084 probet,
715 2005 827 2088 cuique
847 2002 971 2082 placere
992 2007 1103 2076 velimr
1191 2069 1195 2075 ,

192 2108 280 2170 iude
301 2121 444 2168 temnere
470 2128 566 2188 opee3
612 2107 686 2192 fuge
707 2107 826 2168 lubrica
847 2108 953 2170 limine
976 2131 1094 2197 regum,

232 2215 322 2297 Quor
344 2212 447 2287 colui,
471 2210 556 2274 haud
576 2233 685 2275 omnes
708 2211 842 2276 Caesarie
866 2215 936 2275 aule
957 2218 1037 2283 tulit.

193 2321 244 2382 Sit
264 2319 397 2381 toleratu
421 2316 500 2379 mihi
528 2315 646 2381 fastidia
670 2320 757 2381 lento
780 2325 962 2401 potentum!

232 2427 335 2507 Saepo
357 2425 437 2486 ulter
455 2426 580 2484 Bauius
596 2439 637 2507 *tu
654 2422 747 2500 mihi,
788 2425 924 2503 Caesar,
955 2432 1041 2491 mori

192 2533 281 2596 Nunc
302 2530 380 2592 mihi
402 2551 520 2617 quaere
540 2533 669 2592 Bonum
690 2545 723 2593 et
744 2531 951 2614 Sapientem
996 2537 1032 2596 in
1060 2555 1188 2619 pectore

679 2688 683 2697 ,
771 2636 894 2697 Sancto

232 2743 293 2804 Cui
317 2743 459 2803 Rectam
480 2754 618 2803 mentem
639 2741 737 2818 Musa
754 2744 908 2827 Deusque
929 2743 1032 2824 dedit;

196 2849 257 2933 Qui
278 2847 401 2910 seruare
425 2845 520 2908 fidem
547 2843 642 2907 arella
665 2847 835 2917 mercede,
869 2849 1004 2929 probare

233 2957 347 3029 Recta,
383 2957 534 3037 interque
554 2958 662 3014 minas
684 2971 717 3016 et
734 2954 811 3030 sine
833 2953 945 3022 laude,
971 2968 1074 3037 queat.

193 3062 250 3123 Hic
270 3060 347 3121 rnihi
369 3057 405 3121 fit
424 3061 566 3130 Varius,·
598 3064 687 3125 iuuet
706 3058 778 3121 huic
797 3081 849 3122 ruo
868 3063 998 3143 iungere
1019 3044 1161 3135 amicum,

230 3168 330 3250 Inque
353 3170 400 3238 tui
421 3165 568 3227 IAHNI
587 3163 737 3227 delituiffe
759 3164 836 3226 [inu.

194 3274 354 3337 Addideris
375 3277 438 3333 curi
461 3271 555 3350 fidum
583 3273 743 3350 HENNI
768 3286 893 3352 pectus:
933 3273 1038 3335 amicir

231 3380 383 3443 Redditur
404 3377 462 3441 ah!
501 3377 602 3460 priscii
624 3376 665 3440 fic
687 3377 763 3439 mihi
784 3375 861 3439 visus
881 3396 947 3440 ero.

274 3528 405 3590 Plotius
426 3539 460 3586 et
472 3526 606 3588 *Varius
618 3563 661 3574 -
677 3527 905 3609 Virgiliusque

273 3666 318 3681 —-
333 3638 491 3702 animae,
520 3633 635 3715 quales
655 3655 761 3717 neque
791 3630 1003 3703 candidiora

280 3740 383 3801 Terra
397 3741 489 3815 tulit,
511 3760 619 3824 nequo
634 3743 726 3823 queis
739 3738 849 3814 mestt
863 3737 1053 3799 detrinerior
1067 3737 1164 3799 alter.

804 3845 912 3906 Horat.
930 3845 1027 3905 Serm.
1043 3844 1069 3918 1,
1085 3849 1116 3919 5,
1135 3854 1186 3924 4ο.

220 4034 290 4100 cam
319 4053 432 4102 nutem
463 4031 558 4097 altera
594 4033 690 4097 editio
716 4035 858 4121 inscripto
889 4030 1188 4098 effet'Serenissimie

164 4133 274 4222 Mogore
287 4149 477 4209 Britanniae
499 4142 693 4224 Principibus
712 4143 835 4227 Regiis,
863 4139 1000 4220 Ernesto
1022 4137 1189 4217 Augusto.

202 4251 340 4329 Toni
788 4250 820 4318 d
