2700 4906
154 307 227 388 448
370 303 412 374 P.
433 302 679 378 VIRGILH
709 306 970 386 MARONIS
1011 328 1017 340 '

155 488 313 578 Extulit;
348 486 443 563 haec
471 489 633 579 Decios,
671 493 828 582 Marios,
862 519 1103 598 magnosque
1124 501 1188 575 Ca·

164 692 166 696 μ
768 614 902 705 milles,

155 741 343 844 Scipiadas
359 741 472 816 duros
488 741 600 833 bello,
629 761 666 817 et
681 763 730 835 te,
753 771 928 823 maxume
945 751 1096 847 Caesar,
1126 784 1189 857 ¹7⁰

157 881 235 974 Qui
259 901 361 951 nunc
386 880 568 981 extremis.
582 873 688 952 Atiae
712 884 787 951 iarn
811 885 931 956 victor
957 890 1000 958 in
1025 894 1113 965 orie·

218 1074 266 1143 169
283 1071 592 1124 haeedoctosMarr‘oe
609 1070 677 1125 ven.
750 1084 798 1144 ¹7⁶
814 1085 942 1130 maxima
953 1077 1029 1132 oud.
1090 1099 1188 1156 rym-

158 1165 252 1211 tremis
273 1165 363 1210 aciem
384 1156 467 1209 Goth.
484 1175 523 1228 pr.

159 1328 192 1375 et
213 1331 305 1396 quam
325 1332 435 1393 parum
455 1315 488 1372 in
508 1332 576 1372 eum
604 1332 652 1372 ce·
692 1325 726 1370 vt
745 1315 794 1371 vix
817 1312 855 1373 eb
883 1315 991 1400 aliquo
1020 1323 1186 1404 interpola.

158 1415 211 1475 det
230 1418 367 1494 inprimis
396 1413 488 1473 illud:
522 1416 651 1493 Magna
693 1427 761 1474 tore
778 1436 832 1476 eor
846 1420 1005 1497 profectos
1025 1419 1089 1484 ess'e
1111 1423 1184 1484 erbi-

154 1535 279 1598 parens
289 1516 443 1594 frugum,
462 1536 584 1595 magna
602 1521 652 1576 vi·
693 1520 788 1580 treris.
834 1520 928 1599 Quod
943 1537 1053 1584 autem
1068 1525 1108 1584 ed
1121 1547 1184 1587 eam

158 1618 249 1679 rum!
280 1619 391 1697 Volsci
408 1633 510 1679 eutem
530 1623 652 1687 veruti,
692 1619 874 1696 opinionem
898 1630 1024 1699 attinet,
1065 1647 1126 1710 que
1144 1626 1185 1690 se·

158 1720 189 1782 h.
205 1718 306 1782 hastae
324 1740 454 1803 genere,
481 1741 561 1780 veru
584 1723 650 1800 (ve.
690 1721 772 1777 riore
786 1741 882 1780 manu
897 1721 936 1781 ab
952 1723 1019 1805 ipso
1034 1745 1129 1808 poete
1142 1733 1184 1790 in·

158 1846 200 1884 ru
218 1823 381 1897 Sabellum
400 1825 477 1887 Aen.
488 1823 564 1896 vll,
587 1826 648 1887 665
690 1816 759 1879 serti
774 1819 833 1882 effe
848 1838 1013 1903 putentur:
1044 1832 1183 1914 equidem

71 1931 81 1941 '
161 1927 267 2006 dixit),
290 1925 342 1985 seu
363 1925 425 1985 telo
450 1941 577 2001 veruto,
603 1948 650 1986 er-
690 1920 825 1982 inbono
846 1941 939 2004 poeta
962 1930 1096 1993 virhoc
1116 1954 1183 2015 pro·

157 2034 242 2091 meti.
284 2030 423 2107 Apparet
435 2043 549 2100 eutem,
563 2029 649 2109 quod
690 2019 825 2083 bandum
852 2027 989 2107 putabo,
1031 2031 1182 2097 fidiuerfi

127 2116 130 2120 b
157 2132 211 2193 vsu
231 2133 387 2191 communi
400 2125 574 2209 [impliciter
594 2151 648 2188 ve-
691 2133 837 2206 temporis
859 2135 894 2189 in
914 2132 1029 2192 eodem
1051 2144 1181 2198 camnine

158 2248 270 2295 ruerem
291 2245 426 2302 vocetur,
447 2227 507 2289 effe
523 2237 647 2312 proprie
688 2224 811 2310 vestigia
838 2230 1005 2314 reliquerit.
1059 2239 1100 2298 Ar
1124 2232 1180 2300 nec

37 2385 39 2389 ,
157 2347 299 2394 verutum
320 2331 414 2390 telum
437 2331 484 2391 vel
504 2334 645 2407 iaculum,
689 2331 743 2388 tali
756 2332 914 2412 l'uspicioni
926 2335 1015 2397 locus
1029 2337 1082 2414 est,
1101 2339 1179 2423 fpeo

152 2455 232 2494 ¹veru
247 2429 422 2492 instructum
438 2453 473 2493 ec
485 2441 645 2495 munitum.
689 2444 815 2513 temque
837 2450 867 2494 et
888 2434 920 2494 hi
943 2438 1044 2501 versus
1059 2444 1098 2502 ed
1115 2466 1176 2505 eor·

73 2581 77 2589 ,
159 2534 330 2617 Scipiadas
342 2535 442 2595 duros
457 2535 539 2596 bello
555 2536 585 2597 h.
599 2542 646 2600 in-
689 2531 759 2591 dem
788 2555 902 2609 1111101»
946 2561 1026 2624 quos
1055 2549 1090 2606 in
1117 2549 1174 2606 eliis

157 2639 280 2699 duratos
294 2640 333 2698 ed
346 2639 470 2700 bellum.
689 2634 911 2718 Georgicorum
935 2641 1013 2704 locis
1036 2645 1175 2708 subinnu-

204 2745 378 2821 171-175.
399 2743 442 2801 Vt
456 2740 565 2803 horum
580 2763 646 2804 ver·
687 2752 768 2808 erat,
807 2748 877 2818 724.
906 2748 967 2821 725
996 2747 1036 2805 ab
1064 2751 1102 2808 V.
1130 2753 1172 2823 Q,

156 2842 242 2906 suum
256 2843 421 2904 sententiae
434 2842 644 2917 fidesconstet,
685 2838 781 2897 modo
796 2856 931 2919 poetam,
954 2861 985 2905 vt
1003 2848 1076 2910 alibi
1096 2853 1173 2924 facit,

157 2968 225 3007 cum
241 2948 348 3008 Rueeo
371 2961 403 3006 et
424 2947 557 3007 Cetroeo
572 2948 645 3006 Bur.
686 2958 714 2997 V·
730 2959 756 2996 c·
774 2941 948 3025 Georg.111
967 2970 1015 3028 pr.
1022 2995 1035 3024 ,
1061 2961 1172 3038 mugni-
1190 2992 1193 3002 =

154 3068 285 3108 mannus
310 3070 363 3109 θος
390 3049 483 3110 altem
505 3053 644 3131 10003111.
685 3037 740 3099 fiee
758 3039 866 3104 efferre
883 3064 914 3104 et
928 3069 1042 3114 ornere
1063 3065 1170 3139 cogitet

155 3153 240 3210 tione
260 3150 386 3210 insertos
403 3149 462 3211 effe
476 3153 580 3225 credit,
605 3153 642 3212 V.
684 3143 735 3214 id,
774 3146 858 3227 quod
886 3170 959 3209 vere
988 3155 1068 3217 nihil
1095 3160 1171 3221 eliud

154 3251 202 3313 C.-
219 3254 297 3331 734,
343 3272 406 3334 quo
434 3253 581 3334 Augustus
609 3261 643 3316 in
684 3260 758 3317 0¹³¹,
788 3269 880 3328 quam
902 3255 988 3333 quod
1010 3259 1121 3323 Caesar
1139 3284 1170 3324 ex

153 3350 221 3414 Atia
242 3350 325 3433 [igne
346 3375 365 3413 n
390 3351 505 3413 Parthis
525 3361 643 3438 recepit
682 3348 840 3431 Aegwa,
882 3376 946 3436 ‘11¹0
973 3364 1082 3439 pauno
1109 3363 1170 3447 post

153 3469 186 3514 et
205 3454 304 3513 Medis
330 3472 435 3532 pacem
458 3455 550 3518 dedit.
591 3455 643 3520 Est
681 3457 984 3532 pugnainncrtacam
1001 3464 1167 3530 Brundufio

153 3555 232 3615 odeo
246 3559 291 3613 vir
304 3556 420 3628 doctus,
438 3561 490 3638 qui
506 3555 556 3617 vff.
571 3581 639 3638 171.
681 3558 854 3630 traiecerat,
899 3582 958 3640 per
984 3566 1106 3648 Syriam
1137 3577 1167 3634 in

156 3676 215 3735 172
245 3657 396 3717 tollendos
425 3655 484 3718 effe
509 3660 638 3735 censeat,
679 3655 779 3717 Afiem
792 3663 851 3719 iter
863 3661 945 3737 fecit,
966 3681 999 3727 et
1014 3666 1117 3735 hieme
1131 3674 1166 3735 ed

151 3778 221 3818 cum
241 3778 300 3818 nec
314 3779 340 3820 a.
357 3767 420 3840 724
433 3781 491 3822 nec
513 3765 575 3842 734
595 3764 638 3823 sa·
678 3760 866 3842 Euphratem
887 3784 992 3829 exacta
1014 3773 1102 3837 Afiae
1123 3799 1166 3840 rer

150 3864 188 3920 tis
203 3865 397 3923 conueniant.
430 3865 637 3948 Cogitandum
679 3863 839 3926 constituit.
860 3888 888 3927 v.
905 3870 977 3930 Vite
999 3875 1109 3962 virgil.
1128 3883 1164 3942 ad

149 3976 252 4024 temen
275 3981 356 4038 eret,
398 3985 456 4027 noe
478 3972 510 4027 in
530 3987 633 4050 poeta,
677 3989 705 4028 a.
736 3978 806 4049 724.
869 3971 977 4054 Itaque
1014 3988 1165 4044 extremis

145 4084 212 4127 non
226 4071 258 4126 in
273 4063 413 4128 historico
427 4069 550 4148 versar13
566 4093 633 4131 ver·
673 4075 781 4133 victor
796 4078 831 4132 in
846 4079 912 4134 oris
925 4078 1028 4155 Afrae
1031 4126 1044 4153 ,
1072 4107 1162 4171 osque

143 4165 250 4252 susque
278 4167 338 4232 eise
361 4185 424 4234 tam
448 4173 630 4254 praeclaros,
673 4175 712 4237 ad
746 4177 933 4264 Euphratem
972 4188 1160 4273 progrediar,
