2700 4906
355 364 432 470 75⁸
568 322 889 430 rumaren
921 352 1201 430 nannius

360 553 442 634 Flet
461 561 632 632 noctem,
671 564 857 642 ramoque
877 539 1010 618 sedens
1031 541 1249 616 miserabile
1269 567 1309 618 ca

277 675 279 678 Δ
364 696 546 786 Integrat‚
572 696 609 754 et
623 673 768 749 maestis
782 676 859 751 late
872 678 960 754 loca
975 676 1174 780 questibus
1190 677 1318 779 inplet.
1348 694 1350 705 '

365 821 478 902 Nulla
494 821 640 904 Venus,
666 837 747 885 non
763 810 826 885 vlli
847 817 1018 886 animum
1040 812 1189 888 flexere
1203 815 1315 906 Hym
1331 848 1337 877 l

366 957 479 1036 Solus
499 949 762 1052 Hyperboreas
783 948 919 1049 glacies
935 953 1182 1049 Tanaimque
1209 946 1344 1019 niual=

368 1065 548 1189 Aluaque
561 1084 737 1185 Rhipaeis
760 1109 966 1184 numquam
995 1083 1155 1158 viduata
1179 1084 1322 1183 pruinis

433 1259 485 1322 514
502 1271 637 1322 ramoque
656 1269 760 1303 canens
780 1268 844 1302 vnut
862 1249 953 1304 Mead.
991 1249 1181 1304 lacrimabile
1192 1248 1265 1301 Vera.
1329 1248 1345 1302 5

369 1341 484 1411 moestis
502 1343 568 1393 loca
584 1345 720 1408 proxima
742 1333 827 1407 quest.
848 1332 940 1406 fragm.
955 1332 1056 1389 Mutet.
1099 1337 1173 1389 loca
1194 1334 1287 1387 lateP
1334 1360 1337 1375 ·

371 1427 457 1482 Goth.
472 1445 511 1494 pr.
548 1427 616 1477 loca
634 1437 701 1475 tuuc
720 1440 781 1474 cum
795 1419 899 1473 Zulich.
941 1421 1057 1491 Vulgata
1079 1419 1111 1472 iu
1135 1418 1178 1472 hir
1198 1417 1311 1472 verubus
1347 1447 1350 1461 ·

370 1529 459 1568 matur
474 1511 554 1564 lectio
568 1526 599 1561 ex
612 1507 760 1560 imitatione
775 1505 948 1559 Grammatici
962 1504 1074 1559 alicuiua
1090 1506 1120 1558 in
1135 1501 1249 1559 anthol.
1265 1507 1320 1558 Lat
1342 1513 1350 1547 ³

366 1589 628 1660 'lib.11,368‚3.4,
655 1589 698 1645 vbi
717 1589 786 1644 conl.
808 1597 949 1645 Burmann.
1033 1591 1087 1645 516
1108 1609 1171 1641 nou
1194 1592 1253 1644 vllt
1274 1592 1334 1643 Rom

373 1702 435 1738 cum
456 1679 563 1754 optimis
583 1679 724 1738 Plotianis,
755 1674 905 1729 Mediceum
927 1693 988 1728 cum
1011 1675 1172 1728 melioribus
1193 1674 1340 1729 Haiuliauis

373 1767 482 1823 lulloret
502 1767 599 1826 habet,
625 1763 715 1836 itaque
733 1759 854 1833 reposuit
880 1759 1013 1814 Heinllut.
1062 1760 1159 1832 Vulgo
1186 1760 1285 1832 ubique
1306 1760 1345 1813 edi

373 1857 504 1925 nullique
524 1859 656 1903 animum.
703 1847 766 1901 Sine
783 1843 878 1916 copula
896 1849 970 1900 nulli
990 1853 1137 1907 animum,
1159 1845 1263 1900 fabric.
1279 1847 1347 1900 aluo

372 1938 520 2017 probabam
545 1935 646 1987 editum
665 1949 794 2004 nusquam
809 1933 924 2003 reperi03
958 1930 1002 1985 sad
1027 1931 1158 1984 exhibent
1172 1933 1242 1984 illud
1262 1932 1337 1985 codd.

373 2023 450 2078 voli.
469 2023 516 2076 lec.
534 2018 648 2073 Parrhas.
671 2018 743 2071 Leld.
762 2017 845 2071 Goth.
868 2016 935 2078 lac„
962 2017 1036 2071 biatu
1057 2036 1119 2070 uon
1140 2019 1259 2089 ingrato.
1295 2017 1350 2069 Em<

374 2110 462 2164 tiones
497 2106 524 2160 in
551 2103 624 2159 Obll.
650 2102 724 2156 Mile.
748 2102 809 2156 Vol.
838 2104 861 2164 l,
897 2121 957 2175 pag.
980 2106 996 2157 5
1018 2119 1045 2157 et
1064 2105 1097 2157 81
1128 2105 1229 2156 referre
1255 2121 1310 2156 non

350 2215 353 2218 ⁴
374 2197 427 2262 517
451 2193 627 2262 Tanaimque
651 2188 711 2250 alii,
737 2205 763 2241 et
782 2187 843 2241 edd.
864 2205 926 2241 anta
946 2187 1036 2240 Heius.
1078 2207 1159 2241 cana
1181 2189 1343 2261 lamquell

374 2279 427 2334 518
445 2277 596 2345 fllplraelr,
626 2274 782 2346 llyplraela,
802 2272 877 2327 multi
897 2274 981 2327 ethic
997 2272 1123 2327 scribunt.
1139 2275 1193 2327 vid.
1217 2275 1289 2337 adl,
1326 2302 1346 2320 υ

374 2415 579 2476 mobilitatem
595 2412 871 2474 aelonernurmur
915 2433 1000 2472 nunc
1035 2434 1094 2495 per
1134 2429 1238 2475 totam
1270 2416 1291 2475 S
1345 2442 1350 2467 ι

376 2522 516 2598 inprimis
538 2530 644 2596 aptum
676 2512 736 2576 elle
764 2533 871 2577 cantus
914 2516 1222 2598 vagatttrOrpheur.
1263 2520 1347 2579 Adeo

374 2616 546 2679 moestitiae
568 2617 696 2678 notabat
713 2619 870 2678 Martinus.
913 2623 998 2678 mina
1028 2633 1151 2679 tantum
1180 2625 1323 2679 ornantia

374 2721 554 2781 Praeiuerat
576 2736 677 2780 autern
695 2721 804 2779 Catull.
819 2724 870 2792 56,
914 2720 1000 2779 tabat
1022 2722 1127 2782 Maro.
1187 2723 1257 2782 Nec
1284 2723 1346 2782 latis

380 2826 418 2886 15
460 2823 575 2903 Qualis
595 2823 663 2899 sub
689 2823 791 2901 densa
817 2843 871 2880 ra·
914 2824 1035 2895 dicere,
1062 2821 1219 2885 Thraciae
1242 2830 1344 2907 antiqu

375 2946 506 2984 morum
555 2928 700 2985 concinit
753 2925 871 2984 vmbra
913 2925 970 2985 bus
997 2924 1151 2985 aetatibus
1179 2947 1299 2987 nornen
1327 2927 1347 2983 l

372 3028 527 3087 Daulias.
587 3031 659 3106 514.
688 3028 871 3105 miserabile
911 3025 1059 3107 patuille,
1083 3048 1120 3087 ex
1138 3033 1335 3110 ignoratione

370 3150 507 3189 carmen
546 3133 715 3206 Integrat:
758 3136 868 3205 iterat;
910 3149 1013 3188 rarum
1042 3129 1240 3201 borealium:
1278 3151 1346 3214 qua

371 3230 433 3292 lroc
462 3232 587 3315 quidem
614 3233 730 3292 luauius
752 3233 867 3292 Home·
908 3231 1017 3313 vulgus
1029 3247 1105 3292 nota
1124 3233 1211 3303 lunt;
1228 3254 1312 3295 exea
1329 3253 1345 3291 e

323 3353 329 3366 ’
366 3355 436 3394 rus:
482 3321 564 3397 ‘'Hra
594 3328 686 3412 θαμοὶ
719 3334 865 3417 τρωπῶσα
907 3332 970 3413 ipsa
1026 3339 1229 3415 ignoratione
1277 3353 1350 3395 vete

367 3437 439 3518 χέει
476 3435 639 3516 πολυηχέα
665 3430 780 3517 φωνήν·
812 3435 864 3495 tibi
906 3451 1080 3516 propagata
1106 3435 1178 3496 sunt
1207 3444 1329 3499 nomina

365 3543 498 3597 variatos
528 3536 745 3597 modulationis
777 3539 862 3599 colo·
905 3541 1033 3618 gionum
1058 3558 1077 3596 a
1098 3543 1206 3618 poetis
1222 3540 1345 3622 lequion

364 3660 414 3702 res
437 3636 589 3719 exprellos
604 3639 698 3698 vides.
903 3639 1077 3718 promiscue
1094 3655 1126 3699 et
1145 3645 1267 3703 incerto
1283 3642 1329 3701 vsu

429 3744 501 3818 517.
530 3744 603 3802 518.
631 3737 862 3821 Hyperboreas
903 3738 1010 3800 hibita.
1054 3741 1110 3800 Illa
1135 3758 1244 3804 tamen
1269 3744 1335 3805 oble

361 3842 487 3922 glacies
509 3863 537 3902 v.
562 3843 678 3924 Georg.
701 3842 763 3917 Ill,
790 3847 859 3923 196.
901 3847 947 3903 tio
964 3841 1025 3903 huc
1039 3863 1106 3905 non
1122 3843 1290 3924 spectabat,
1310 3868 1347 3929 qu

362 3946 510 4006 Ceterum
527 3950 559 4005 in
576 3943 621 4004 ltis
641 3960 754 4024 poetae
772 3948 859 4026 inge·
902 3945 1073 4027 doquidem
1097 3950 1297 4011 mirationem
1329 3950 1349 4007 l.-

359 4052 447 4109 nium
477 4047 582 4128 paullo
603 4047 744 4106 licentius
766 4045 856 4108 effer·
898 4045 969 4121 hoc,
998 4049 1086 4131 quod
1111 4049 1196 4109 iude
1227 4053 1270 4110 ab
1291 4054 1350 4110 He

357 4148 454 4209 buille
479 4150 660 4210 dicendum:
689 4147 853 4209 Thraciam
896 4152 980 4210 idem
1018 4149 1116 4212 homo
1153 4153 1268 4215 erraffe
1306 4154 1334 4214 fe

353 4272 528 4315 memorare
548 4251 645 4314 voluit
667 4269 703 4313 ac
727 4250 851 4314 debuit:
888 4274 953 4336 per
974 4254 1224 4336 Hyperboreos,
1248 4278 1310 4339 per,
