2692 4914
157 328 510 406 cuouurcou
545 330 820 423 Ltss.tV,385
844 335 957 434 -391
1033 342 1110 441 7³3

67 516 279 591 Caeruleus
301 520 482 608 Proteus,
507 541 685 617 magnum
705 522 770 617 qui
787 516 944 619 piscibus
965 549 1108 628 aequor

60 654 118 723 Et
145 655 275 726 iuncto
301 652 481 752 bipedum
504 677 616 725 curru
636 657 788 726 metitur
812 680 1007 756 equorum.

60 787 142 858 Hic
157 811 258 860 nuno
269 787 464 861 Emathiae
480 803 611 886 portus
626 789 860 889 patriamque
879 790 1003 866 reuifit
1027 795 1104 894 59ο

57 918 264 1011 Pallenen3
296 921 400 994 hunc
425 939 462 995 et
476 920 673 1021 Nymphae
692 947 929 1016 veneramur,
966 947 1005 1003 et
1025 929 1104 1031 iple

146 1119 196 1173 588
214 1127 264 1190 qut
278 1117 405 1191 paffibus
425 1119 528 1175 Zalich.
573 1122 699 1192 piscibus
721 1122 801 1176 nimie
821 1139 899 1178 tenua
916 1140 943 1180 et
965 1127 1031 1182 exile
1051 1128 1103 1184 effe

58 1198 177 1258 videt'ur.
217 1207 317 1267 Miror,
342 1206 494 1268 Heiufium,
515 1207 559 1278 qui
575 1209 651 1260 toties
668 1207 769 1278 pistres
787 1207 825 1260 vel
843 1210 971 1283 pistrices
990 1214 1102 1276 induxit.

55 1289 92 1343 h.
109 1289 130 1342 l.
151 1309 207 1343 non
227 1290 299 1343 idern
321 1290 439 1346 tentelle.
487 1293 584 1345 Saltem
603 1293 714 1364 praelier
736 1293 869 1365 pistrtbus
894 1296 934 1349 vel
957 1299 1099 1369 pristt'bur.

54 1377 116 1447 389
132 1377 415 1430 Et'unctoZulichem.
452 1376 703 1430 Eulnctol’arrhal.
719 1379 886 1433 vnutMead.
922 1383 1099 1452 cursulGotb.

54 1462 113 1514 [σο-
182 1462 233 1531 590
250 1464 326 1515 Hinc
346 1459 533 1515 alterMentel.
568 1461 672 1533 remisit
692 1465 798 1536 Menag.
815 1482 854 1533 pr.
938 1469 986 1538 391
1006 1471 1101 1523 Palle-

54 1565 129 1599 nem
149 1545 253 1599 zulich.
301 1549 460 1600 Pallentem
480 1547 563 1601 Goth.
584 1568 623 1618 pr.
678 1549 812 1601 Pellenen
833 1549 931 1603 MedIc.
957 1569 971 1603 a
993 1573 1028 1606 m.
1048 1574 1099 1626 pr„

52 1631 139 1686 solita
150 1632 344 1700 permutatione
356 1632 422 1686 vrbis
438 1631 552 1685 Achaiae
566 1652 627 1685 cum
640 1632 719 1686 altera
736 1649 818 1686 terrae
831 1635 1015 1696 Macedoniae,
1035 1639 1100 1692 olim

50 1716 201 1771 Thraciae.
215 1718 248 1769 cl.
263 1717 342 1771 Valk.
358 1718 391 1769 ad
404 1718 519 1773 Theocr.
535 1738 560 1789 p.
574 1720 633 1773 352.
671 1734 699 1772 et
718 1718 789 1773 abest
808 1721 913 1772 ullom.
960 1743 1100 1777 veneran-

54 1818 109 1856 tur
121 1793 187 1873 tte'g.
202 1817 228 1856 at
241 1820 306 1856 vnut
319 1802 444 1857 Arundel.
459 1821 521 1857 cum
535 1803 584 1856 Ed.
596 1803 674 1857 Paris.
691 1814 764 1876 1494.
806 1802 859 1876 ipfi
874 1804 972 1859 Medic.

53 1959 121 2038 (de
157 1957 269 2019 Musar.
308 1958 396 2042 relig.
430 1965 558 2042 eiusque
598 1962 649 2021 De
665 1962 779 2022 Proteo
795 1981 824 2020 v.
839 1961 1094 2045 Hymnorpbic.

53 2066 141 2144 orig.
155 2065 235 2141 1766
256 2063 477 2123 Commentatt.
486 2063 557 2123 Vol.
598 2063 714 2123 XXIV.
768 2062 829 2121 Vix
856 2068 962 2145 itaque
983 2062 1097 2143 proba·

53 2165 147 2237 Vlll,
175 2169 257 2223 inter
273 2167 490 2247 Antiquiores,
526 2178 559 2222 et
597 2162 660 2225 bile
681 2162 731 2237 fit,
755 2163 876 2225 fabulae
892 2165 1023 2225 fundum
1042 2165 1098 2226 ali-

53 2271 169 2349 Progr.
189 2267 228 2327 de
243 2268 300 2326 litt.
321 2281 352 2325 et
367 2281 423 2326 art.
440 2266 556 2327 condit.
599 2271 792 2349 quemineo
814 2263 892 2341 elle,
932 2269 1019 2350 quod
1042 2289 1098 2329 rex

55 2375 94 2431 in
120 2369 194 2430 Vol.
214 2369 243 2427 11
271 2367 438 2456 Opusc3p.
464 2371 556 2448 299).
598 2371 733 2453 Aegypti
784 2373 913 2430 nomine
966 2371 1097 2432 Proteus
1179 2410 1183 2423 .

58 2476 209 2534 Ceterum
225 2471 277 2531 illa
292 2473 429 2530 narratio
451 2470 490 2530 de
505 2491 557 2530 va·
598 2472 671 2544 fuit,
716 2473 771 2552 qui
794 2471 874 2531 adeo
897 2487 994 2531 artem
1015 2476 1099 2532 inter

54 2581 111 2636 riis
126 2575 251 2645 formis,
278 2578 311 2632 in
326 2593 400 2655 quas
416 2571 445 2631 le
461 2570 566 2632 trans-'
598 2574 767 2655 Aegyptios
808 2587 912 2632 natam
956 2587 1095 2634 tenerett

56 2675 201 2738 mutabat
216 2676 376 2742 Proteus,
406 2675 457 2751 (et
475 2675 558 2755 apud
599 2673 685 2756 quod
701 2687 789 2731 acute
814 2670 1036 2752 suspicabatur,
1064 2689 1097 2734 vt

56 2782 149 2853 alios,
172 2793 204 2839 vt
219 2775 441 2859 Pherecydem,
455 2773 557 2836 Schol.
597 2775 659 2833 'alia
681 2773 720 2833 de
742 2772 864 2832 fabulae
888 2796 979 2854 apum
1006 2795 1098 2856 repa·

55 2882 222 2964 Apollonii
235 2880 291 2951 IV,
311 2881 392 2958 1596
421 2879 559 2946 Nereus,
598 2874 763 2936 raudarum
785 2873 904 2945 cauffis,
943 2880 989 2935 vir
1010 2881 1099 2959 inge·

57 2985 145 3047 conf.
179 2981 325 3062 Apollod.
357 2980 397 3052 11,
430 2983 461 3052 5,
489 2983 557 3060 11),
600 2977 685 3040 niose
707 2978 815 3036 doctus
832 2977 871 3036 de
885 2978 981 3037 Pauw
1009 2976 1097 3058 (Re-

56 3091 214 3169 originem
234 3081 349 3143 habere
378 3081 500 3141 videtur
521 3103 559 3142 ex
601 3079 754 3137 cherches
759 3066 1025 3160 philosophiques
1029 3079 1097 3155 sur

54 3192 161 3272 poetis
182 3184 421 3268 cosmogonicis,
442 3188 496 3267 qui
511 3205 560 3244 re·
602 3181 649 3239 les
668 3181 846 3259 Egyptians
866 3180 959 3239 Tom.
974 3180 1000 3254 1,
1024 3200 1096 3263 pag.

53 3313 128 3354 rum
147 3293 281 3371 origines
300 3287 358 3348 luis
374 3284 557 3345 carminibus
603 3292 673 3363 174.
694 3284 774 3361 175).

55 3389 243 3465 tradebant,
285 3405 317 3451 et
345 3409 457 3472 aquam
490 3408 557 3447 om·
674 3387 745 3448 588.
773 3385 846 3463 589.
883 3381 1029 3464 piscibus
1063 3397 1098 3444 ec

55 3500 149 3556 nium
163 3513 267 3553 rerum
288 3496 476 3575 principium
499 3511 557 3571 po·
599 3509 698 3546 curru
739 3483 892 3566 bipedum
935 3506 1097 3568 equorum

54 3597 189 3669 nebant,
213 3599 297 3656 cuius
312 3595 392 3655 adeo
409 3593 557 3653 transfor·
598 3593 731 3656 iuncto,
765 3608 826 3668 pro
850 3609 941 3648 curru
965 3588 1096 3669 piscibus

55 3704 214 3762 mationes
242 3701 277 3757 in
307 3697 425 3778 reliqua
446 3715 557 3775 corpo·
599 3708 631 3752 et
661 3695 747 3774 equis
773 3689 937 3771 bipedibus
974 3695 1093 3764 iuncto,

53 3823 128 3866 rum
144 3818 277 3884 genera,
303 3802 426 3880 ignem,
453 3817 558 3857 aerem
600 3792 631 3852 h.
648 3797 734 3876 equis
750 3795 892 3864 marinis,
921 3794 975 3872 qui
995 3789 1097 3870 polle·

56 3904 164 3986 (conl.
179 3903 432 3979 inf.409.410),
453 3913 486 3960 et
502 3899 557 3958 rel.
600 3901 682 3956 riore
697 3893 740 3954 lui
757 3908 846 3975 parte
869 3897 903 3950 in
926 3890 1021 3970 pisces
1043 3891 1098 3952 de-

56 4007 228 4095 l'ymbolica
248 3999 303 4061 ista
331 4002 434 4061 fabula
464 4022 559 4081 expo·
600 3996 750 4068 linerent,
776 3993 877 4077 qualia
896 3989 1031 4052 monstra
1047 3993 1097 4055 vel

55 4110 189 4175 nebant.
243 4103 361 4163 Eadem
393 4104 445 4162 alii
483 4119 560 4164 tam·
601 4122 638 4161 ex
664 4096 836 4180 vulgaribus
867 4095 993 4172 picturis
1020 4110 1098 4156 nota

32 4244 35 4249 ·
56 4234 156 4301 quam
171 4232 238 4272 rem
256 4203 371 4289 gestam
385 4221 558 4267 narrarunt.
600 4201 679 4274 lunt,
702 4201 848 4266 metitur,
864 4208 1013 4277 pererrat,
1028 4215 1096 4257 me-

104 4312 236 4377 rout
633 4305 754 4385 Puri>
