2692 4914
326 276 329 282 ’
387 306 447 379 tn
484 300 785 409 euonotct
984 350 987 355 .
1024 295 1098 388 255

61 501 154 600 quis
181 492 400 594 complexus
432 517 480 568 eo
510 471 686 566 sermonis
715 512 853 589 genere
881 504 1100 587 exponatur,
1153 548 1157 555 ,

63 621 180 726 quod
202 643 316 722 quam
333 620 494 689 maxime
513 613 562 686 ad
582 611 891 714 permulcendum
910 611 1102 710 voluptate

62 749 199 848 aliqua
219 745 385 816 animum
410 742 485 809 vim
513 735 665 810 hebeat:
715 736 965 836 voluptatem
986 732 1103 805 illam

64 898 155 944 non
183 885 273 939 tarn
301 858 458 962 abipso
485 877 743 960 argumento,
789 883 1036 959 quamquam
1060 861 1103 926 in

65 1001 155 1068 eiut
175 965 326 1063 dilectu
347 1000 386 1056 et
402 984 479 1055 hoo
505 986 728 1057 videndum
749 979 822 1079 est,
861 999 905 1055 vt
927 1008 978 1053 ne
1002 984 1104 1051 iniu-

67 1116 252 1193 cundum
269 1107 343 1204 ftt,
388 1133 511 1208 quarn
539 1106 591 1179 ab
611 1112 692 1179 eius
717 1111 958 1180 tractatione
982 1109 1105 1176 et‘or·

67 1256 174 1315 natu
197 1233 490 1336 arpentandam
515 1227 587 1329 effe
606 1230 739 1328 facile
758 1248 934 1330 apparet.
993 1230 1105 1302 Nam

70 1389 166 1440 cum
193 1383 322 1459 neque
351 1354 491 1430 factum
523 1371 597 1426 aut
630 1379 690 1430 reo
723 1351 838 1455 gesta,
888 1368 961 1426 aut
992 1354 1104 1440 notio,
1220 1413 1223 1419 .

70 1511 202 1587 neque
222 1483 352 1555 animi
377 1478 518 1578 aliqua
545 1473 713 1569 affectio,
753 1478 973 1551 voluntatis
993 1473 1106 1547 inoli-

71 1613 188 1682 natio
211 1620 285 1677 aut
302 1602 570 1675 vehementior
591 1599 778 1700 impulsus
801 1604 939 1672 mentis
960 1614 999 1669 et
1015 1624 1105 1698 per·

73 1728 274 1807 turbatio,
320 1749 426 1826 quae
450 1740 488 1795 et
515 1723 601 1822 ipsa
624 1750 715 1795 curn
741 1728 901 1795 actione
922 1721 1106 1820 aliquan·

74 1875 161 1928 turn
190 1853 405 1924 coniuncta
422 1845 543 1943 sunt,
588 1852 631 1918 in
660 1874 706 1920 eo
730 1850 908 1918 carmine
935 1859 1106 1916 tracten-

74 1980 206 2069 tur*);
233 1999 312 2075 quo
335 1969 417 2071 ipso
428 1960 628 2067 fere‘eius
650 1997 678 2043 a
701 1969 945 2071 reliquorum
964 1969 1107 2040 carmi·
1221 1977 1225 1983 '

75 2127 175 2172 num
193 2114 344 2170 natura
367 2092 527 2189 diuersa
544 2094 697 2168 indoles
720 2098 964 2180 contimtum
998 2095 1042 2164 in
1063 2117 1108 2165 re

76 2220 317 2323 exponenda
352 2235 391 2290 et
424 2218 612 2288 ornanda
654 2244 815 2291 carmen
860 2219 1109 2291 didacticum

77 2361 191 2418 tanto
219 2346 349 2414 maius
369 2339 586 2439 artificium
606 2346 785 2440 requirit,
812 2369 891 2443 quo
915 2345 1109 2420 minorem

77 2475 164 2541 vim
190 2490 251 2540 res
276 2462 363 2564 ipsa
389 2464 447 2572 od
481 2463 763 2537 delectandum
793 2464 940 2538 habere
966 2459 1108 2566 potest,

79 2616 237 2692 quoque
267 2590 394 2688 magis
429 2588 655 2659 cauendum
681 2604 830 2689 poetae
860 2586 932 2685 est,
970 2615 1022 2659 ne
1051 2587 1110 2659 ad

70 2713 263 2812 subtilem
278 2714 618 2810 praeceptionem,
652 2738 735 2812 orto
758 2737 872 2783 nemo
889 2710 1021 2806 facile
1042 2712 1109 2782 de-

25 2912 29 2917 ,
81 2839 272 2913 lectatur,
315 2850 388 2905 aut
414 2834 471 2903 ad
494 2858 647 2905 meram
669 2859 803 2906 rerum
826 2830 1112 2930 descriptionem

84 2984 245 3032 carmen
266 2957 343 3028 hoo
364 2972 543 3034 reuocet,
584 2983 666 3056 qua
688 2960 843 3028 animos
863 2952 1012 3050 nostros
1029 2980 1111 3025 non

85 3084 156 3154 diu
176 3105 269 3152 cum
288 3079 496 3177 voluptate
517 3086 643 3151 teneri
652 3081 758 3176 satis
779 3073 999 3174 constat**).
1030 3079 1111 3148 Ita-

83 3232 160 3306 que
180 3230 233 3274 ex
258 3219 343 3278 toto
373 3205 566 3275 materiae
594 3219 794 3303 apparatu
819 3227 869 3273 ea
898 3199 1112 3300 deligenda

71 3329 193 3427 sunt,
220 3351 325 3426 quoe
347 3349 437 3394 curn
458 3326 597 3424 aliqua
617 3327 825 3416 voluptate
847 3326 1003 3404 audiri,
1025 3343 1112 3406 out,

72 3451 112 3550 fi
139 3478 214 3551 per
241 3448 292 3545 se
322 3446 424 3518 nihil
445 3446 665 3543 suauitatis
695 3449 862 3527 habent,
909 3428 1048 3519 ornari
1071 3464 1112 3520 et

81 3574 291 3647 nobilitari
310 3569 361 3654 ab
386 3587 474 3643 arte
494 3571 657 3673 poffint;
699 3596 955 3674 quaecunque
977 3589 1113 3647 autem

117 3772 260 3844 ⁹)Vtique
273 3767 384 3831 nonne,
411 3784 438 3823 vt
459 3769 580 3828 conuiuis
608 3757 793 3826 'contubernio
826 3770 959 3826 elaborato
990 3772 1113 3837 carmine,

84 3856 213 3911 [umnam
237 3873 263 3911 et
286 3869 466 3924 argumentum
487 3854 582 3909 consti·
622 3859 772 3928 Musarton
787 3854 922 3929 inscripto,
940 3857 1116 3931 docuitinge·

85 3957 169 3997 tuam.
204 3940 313 4012 Alioqui
331 3939 400 3991 enim
415 3939 488 3996 houd
503 3940 582 3994 dubie
597 4014 600 4021 Ι
622 3940 778 3996 niofiffimu·
792 3941 860 3996 inter
874 3941 1032 3996 venustiores
1050 3961 1115 4014 poe·

86 4029 164 4080 etium
197 4046 245 4100 per
273 4026 448 4077 narrationem
478 4044 582 4078 carmen
622 4042 662 4080 tar
675 4026 832 4081 Wieltndut
853 4025 961 4081 nostru.

87 4112 248 4168 didacticum
266 4109 351 4162 detexi
366 4109 452 4182 polio,
471 4111 584 4183 preeclt-
660 4113 696 4178 ⁸⁴)
715 4113 777 4169 Vid.
795 4111 997 4169 duBoeRoilex.
1013 4109 1121 4186 critiqux

86 4215 117 4252 to
126 4236 136 4264 ,
154 4201 182 4258 in
198 4197 257 4272 ipio
271 4197 382 4255 Venerit
394 4213 420 4254 ot
435 4197 585 4256 Gratiarum
627 4201 659 4254 P.
672 4200 694 4264 1,
711 4201 738 4257 S.
753 4219 778 4272 9.
