2692 4914
161 311 231 360 ιω
363 229 678 361 numu-nu
708 282 984 411 munuum

155 471 299 533 Noluere
312 471 379 530 uiri
394 470 484 532 docti
503 471 590 530 lianc
604 470 758 548 Eclogam
776 471 864 528 inter
873 470 1029 529 Bucolica
1042 468 1166 548 referri
1174 483 1189 527 .·

157 598 244 661 quae
259 597 311 636 res
330 579 462 640 omnino
485 597 527 635 ex
541 578 696 635 carminis
708 577 853 635 Bucolici
866 580 1001 645 notione
1013 596 1056 634 ac
1069 573 1190 654 defini·

157 686 248 744 tione
269 681 487 744 diiudicanda
507 680 560 758 est.
608 681 698 742 Illud
717 685 829 742 notari
849 680 963 750 debet,
1003 678 1060 756 etsi
1087 699 1188 758 argu·

154 805 303 852 mentum
321 811 364 848 ex
384 790 455 869 ipsa
472 791 544 848 vita
566 785 686 864 rustica
701 791 843 869 petitum
858 787 926 848 dici
941 802 1105 871 nequeat,
1135 791 1187 846 ita

155 903 269 956 tamen
290 895 376 955 illud
395 896 457 976 effe
481 910 678 962 tractatum,
711 909 749 952 vt
759 894 949 971 sententiae
968 909 1001 954 et
1023 896 1186 971 imagines

154 1023 267 1061 rerum
275 1001 349 1078 siue
367 1002 410 1059 ab
426 1022 467 1060 ea
479 1004 552 1062 ‘uita
559 1000 634 1076 fiue
646 1023 669 1058 a
683 1003 755 1059 vita
769 999 1062 1084 antiquiffimorum
1077 999 1182 1059 homi·

157 1129 237 1168 nium
250 1105 503 1186 arceffuaesmt.
546 1108 695 1167 Ceterum
711 1122 744 1165 et
758 1111 793 1166 in
810 1107 871 1166 laec
888 1108 1034 1165 carmine
1046 1120 1185 1184 poetam

154 1214 445 1295 interpretabimur
472 1210 521 1273 ad
537 1192 673 1291 sensum
693 1211 859 1289 nostrum:
899 1211 946 1273 ad
965 1209 1184 1291 refellendum

153 1341 352 1404 ,quemquam
377 1341 446 1379 non
472 1318 710 1397 descendemus.
774 1319 908 1404 Qetoties
925 1317 1000 1398 fide
1028 1315 1182 1393 historica

152 1441 246 1486 certa
266 1425 486 1505 desb'tuimur,
528 1428 698 1507 omnisque
712 1446 764 1484 res
778 1424 826 1484 ad
836 1427 1061 1484 coniecturam
1081 1421 1177 1492 redit.

135 1531 293 1611 „liberum
316 1534 434 1616 cuique
456 1531 518 1612 effe
544 1530 658 1606 debet,
695 1553 758 1612 pro
784 1534 917 1610 ingenio
934 1531 1000 1608 suo
1028 1516 1182 1597 ariolari,

153 1654 234 1708 aut,
265 1639 299 1716 fi
321 1641 423 1708 nolit,
459 1641 592 1698 omnino
615 1661 683 1698 non
704 1637 864 1698 ariolari:
904 1640 940 1695 in
961 1658 1030 1719 qua
1049 1633 1184 1718 quidem
1221 1648 1223 1651 ’

144 1746 242 1825 secta
263 1767 315 1807 me
339 1746 401 1827 effe
424 1745 593 1827 profiteor.
647 1746 837 1805 Imitatione
866 1763 1023 1823 magnam
1048 1756 1183 1825 partem

153 1849 304 1934 expreffit
322 1851 517 1933 Calpurnius
530 1851 601 1912 Ecl.
616 1853 645 1919 I,
658 1850 757 1930 56sq.

504 2079 826 2112 Qum—-

152 2243 348 2374 Sicelides
371 2276 516 2369 Mulae,
556 2279 683 2378 paullo
704 2284 846 2352 maiora
868 2304 1063 2367 canamus3

150 2421 239 2494 Non
271 2420 391 2489 omnis
418 2412 562 2489 arbusta
591 2421 722 2488 iuuant
743 2415 977 2516 humilesque
997 2418 1180 2508 mynicam

149 2553 190 2630 Si
210 2554 373 2626 canimus
396 2548 519 2642 filnes,
552 2547 665 2624 filuae
684 2548 752 2623 [int
775 2549 934 2626 Consule
957 2552 1105 2651 dignae.
1212 2601 1219 2613 ·

220 2765 231 2798 ι
251 2745 382 2799 Sicililies
400 2743 493 2817 puffim
517 2743 597 2797 codd.
615 2744 683 2796 Pies.
705 2759 732 2796 et
750 2744 839 2796 Burm.
882 2745 982 2797 Verum
1003 2743 1041 2798 est
1061 2750 1179 2810 Σιαελὶε,

151 2835 282 2888 Σιαελίδες
302 2850 332 2884 ex
349 2837 463 2887 Σικελοί·
530 2848 547 2883 2
559 2830 734 2899 humilesque
746 2827 878 2901 genestae
892 2829 970 2882 Pierii
979 2831 1078 2884 Medic.
1121 2849 1177 2903 my·

150 2926 241 2978 ricae,
281 2916 426 2988 penultima
453 2914 547 2987 longe,
579 2933 640 2969 cum
665 2915 811 2968 Theocrito
838 2924 955 2985 μυρῖκαι.
1004 2917 1040 2969 At
1064 2917 1177 2968 Homer.

73 3084 75 3088 .
148 3003 325 3073 11ὶιε1.κ,467
338 3001 499 3073 corripitz-
513 3005 622 3072 μυρίκης
636 2999 662 3056 τ’
675 3003 812 3070 ἐριθηλέας
828 2996 910 3064 ὄξους.
977 3001 994 3053 3
1004 2999 1076 3069 sunt
1091 3000 1177 3055 Goth.

196 3191 222 3230 1.
250 3168 404 3229 Sicelides
426 3167 556 3244 Musae,
584 3169 642 3227 Pa·
683 3163 790 3242 bustis,
808 3168 948 3249 myricis,
969 3184 1000 3228 et
1012 3166 1111 3243 siluis
1126 3189 1178 3229 ex·

148 3268 255 3334 norisii
297 3274 435 3329 carminis
479 3266 639 3349 praesides,
681 3273 794 3350 primis.
836 3272 965 3350 Myrica
979 3270 1103 3352 virgulti
1126 3290 1180 3353 ge·

147 3371 361 3443 Theocriteae,
380 3375 571 3453 omninoque
585 3370 642 3429 bu·
681 3391 740 3431 nus
756 3375 790 3430 iu
810 3371 915 3432 Italiae
937 3377 1008 3444 oris,
1028 3371 1116 3454 quod
1136 3375 1179 3430 ri-

147 3475 271 3535 colicae.
311 3467 442 3536 Σικελὸν
455 3472 547 3551 μέλος
561 3473 641 3532 Bion
681 3495 735 3553 pas
751 3472 913 3534 fluminum
928 3473 1067 3535 oblidere
1088 3473 1177 3535 solet.

146 3576 234 3659 idyll.
272 3575 333 3634 VH
345 3619 355 3648 ‚
399 3579 450 3637 1.'
482 3575 642 3638 Σικελικαὶ
685 3577 906 3653 Tamariscurn
954 3574 1014 3637 elle
1060 3575 1177 3637 docent

143 3680 256 3746 ’Μοῖσαι
290 3676 431 3738 Moschus
464 3677 553 3760 Idyll.
585 3676 638 3736 ΙΠ.
680 3675 749 3758 post
782 3679 893 3738 Iulium
926 3677 1076 3738 Sabinum
1119 3681 1176 3740 viri

146 3782 254 3843 Paullo
271 3781 358 3840 altius
373 3780 402 3841 se
424 3802 482 3862 pro
498 3779 639 3839 bucolico
682 3779 773 3838 docti.
803 3781 883 3841 coni.
909 3782 1002 3841 Mart.
1028 3781 1178 3841 Tamari-

139 3886 280 3949 ¹carmine
321 3884 445 3965 aggredi
479 3903 640 3966 argumen·
682 3903 751 3940 cem
768 3881 932 3942 Gallicam
950 3885 1047 3947 Linru
1065 3881 1176 3943 Schre·

147 3997 213 4047 'tum
235 3985 316 4046 bene
337 3987 502 4065 praefatur.
553 3984 640 4044 Idem
681 3983 738 4044 ber
750 3985 789 4045 ed
802 3983 933 4046 Theocr.
950 3986 974 4059 1,
994 3990 1041 4050 13.
1078 3985 1178 4062 osu·

148 4110 242 4172 genus
264 4086 437 4149 bucolicum
463 4109 558 4170 porro
586 4106 640 4145 ar·
681 4104 745 4146 vae
755 4084 827 4173 smt
841 4090 971 4167 consule
984 4087 1120 4166 dignae,
1138 4083 1176 4149 fit
