2700 4906
64 251 73 278 ’
143 314 216 402 544
350 303 393 377 Ρ.
418 295 668 378 v1ao1t11
696 278 973 403 Minonis

146 502 306 596 Propter
325 513 479 590 aquam,
512 482 625 556 tardis
646 485 778 580 ingens
799 475 1052 575 vbillexibua
1072 498 1160 555 errat

148 633 310 708 Mincius
335 641 373 699 et
390 640 518 696 tenera
540 619 724 716 praetexit
746 611 935 686 arundine
961 615 1077 712 ripas.
1146 613 1179 688 15

151 770 196 838 ln
213 757 340 834 medio
364 752 455 830 mihi
479 742 611 828 Caesar
633 753 718 839 erit,
750 745 1025 846 templumque
1044 745 1180 822 tenebit.

152 897 212 972 Illi
232 901 352 970 victor
373 915 464 990 ego,
503 904 541 961 et
562 887 678 978 Tyrio
700 878 924 980 conspectus
943 883 988 951 in
1013 877 1122 974 ostro,

225 1123 256 1175 ¹7
275 1105 342 1162 tut,
374 1097 448 1171 quod
460 1097 555 1166 ubique
573 1095 673 1156 editur,
703 1108 791 1146 tuetur
803 1092 905 1146 Medic.
930 1112 996 1147 cum
1012 1091 1086 1154 aliie,
1119 1092 1184 1149 luit

154 1188 272 1246 Caesaris
302 1187 441 1238 honorem.
489 1185 522 1234 At
547 1183 614 1233 Istic
642 1180 794 1239 Romanus,
832 1177 937 1232 Medic.
965 1197 1033 1231 cum
1059 1176 1114 1232 aliis
1132 1177 1186 1231 anti·

157 1271 283 1347 quissimia
303 1257 388 1331 Pierii.
425 1266 469 1319 sic
488 1267 515 1317 in
530 1256 618 1317 sranc.
638 1264 666 1314 in
681 1261 832 1333 Cantabrig.
855 1279 882 1317 et
900 1263 1052 1327 Arundel„
1079 1263 1107 1317 lt.
1124 1283 1144 1319 a.
1158 1264 1186 1317 ab

155 1355 293 1427 templum.
331 1353 414 1404 Porro
437 1360 465 1403 et
487 1349 558 1404 abest
581 1360 597 1401 a·
619 1348 707 1401 Fiant.

158 1545 224 1590 tem
253 1531 335 1587 inter
365 1523 489 1584 diuinos
522 1520 657 1582 honores
700 1519 871 1602 Georg.11,
893 1522 966 1601 198.
995 1520 1054 1582 ins.
1069 1523 1142 1584 Aea.
1152 1521 1186 1595 X,

158 1635 253 1693 etiam
268 1629 411 1688 ludorum
427 1624 575 1684 sollennia
589 1620 657 1695 lint,
701 1624 772 1684 206.
789 1653 832 1670 -·
886 1626 937 1686 16.
958 1623 1073 1686 Statua
1098 1625 1144 1686 det
1160 1629 1188 1684 in

160 1735 254 1792 etiam
276 1728 354 1789 haec
368 1732 401 1787 in
415 1724 542 1808 Augulli
559 1724 659 1786 hono·
700 1723 805 1782 medio
829 1724 969 1804 templo,
1011 1731 1048 1790 at
1068 1727 1109 1810 τῷ
1129 1724 1188 1807 ναξ,

162 1854 230 1895 rem
251 1831 281 1892 se
318 1831 472 1891 editurum
499 1825 558 1888 esse
586 1844 660 1906 pro·
700 1823 845 1884 sacrario:
875 1841 908 1884 vt
930 1826 1027 1908 saepe
1047 1833 1083 1889 in
1104 1830 1188 1890 tramit

164 1938 269 1997 mittit.
313 1934 466 1991 stantem
489 1931 606 2010 ingenii
626 1930 661 1986 in
701 1923 814 1984 visitur.

163 2052 259 2118 poeta
282 2038 403 2113 copiam
419 2045 451 2091 et
471 2034 661 2089 incrementa
751 2043 799 2105 17»
816 2028 931 2085 victor
944 2045 1032 2106 ego,
1067 2034 1120 2112 qui
1139 2049 1192 2089 car·

165 2135 350 2219 cognoscere
366 2133 479 2210 volupe
503 2128 555 2202 est,
580 2129 662 2190 cons.
705 2131 794 2188 minis
810 2129 948 2208 palmam
966 2148 1004 2188 ac
1023 2130 1193 2212 gloriamit

166 2252 241 2298 extr.
267 2249 398 2314 partem
426 2231 556 2291 aeneid.
578 2230 662 2302 Vlll,
705 2233 837 2310 patriam
860 2229 1045 2308 retulerim
1071 2233 1103 2293 id
1123 2231 1194 2318 qpod

167 2353 198 2398 et
217 2357 300 2405 eum,
321 2339 374 2416 qui
388 2335 491 2393 locum
506 2346 664 2390 anteocu·
706 2330 849 2391 absolutis
893 2331 1082 2414 Georgicis,
1127 2353 1193 2417 qnae

164 2438 212 2496 los
241 2434 367 2506 habuit,
405 2435 536 2492 Statium
562 2431 662 2491 Theb.
705 2432 837 2511 Neapoli
862 2430 1037 2508 scribebat,
1074 2434 1193 2494 saturum

164 2538 205 2609 II,
239 2540 301 2613 728
324 2567 367 2582 —-
393 2544 464 2613 740.
517 2535 663 2594 Ceterum
707 2548 789 2608 eram
830 2531 884 2592 etsi
904 2533 968 2596 hoc
986 2537 1195 2596 adiectumni·

165 2638 261 2698 multa
283 2637 322 2695 ad
345 2636 375 2696 h.
401 2638 421 2696 l.
455 2637 661 2717 disputantem
707 2639 762 2691 mis
784 2634 945 2715 angustum
975 2637 1080 2696 videri
1101 2634 1194 2719 potest

164 2740 237 2800 vide
261 2734 474 2821 sagacissimum
497 2758 531 2798 ac
558 2738 665 2798 doctis·
706 2738 859 2815 Loquitur
883 2754 981 2817 poeta
1010 2739 1194 2801 omninode

166 2840 392 2902 fimumVirum
405 2842 664 2914 Hurdium,nunc
708 2838 803 2919 gloria
843 2858 878 2896 ac
919 2838 1017 2900 laude
1058 2845 1194 2900 carminis.

165 2945 247 3004 Ven.
279 2942 512 3024 vigorniensem
552 2943 665 3018 (Wor·
707 2941 862 3017 Purpura
889 2941 1108 3021 couspicrmm
1133 2945 1195 3003 dixit

171 3042 523 3124 cestriae)Episcopum,
547 3043 666 3101 adHo·
707 3039 755 3112 se,
784 3056 1056 3122 tamquameum,
1091 3045 1195 3129 quilu·

166 3163 223 3207 rat.
254 3143 407 3224 Epiaad
431 3143 664 3228 ang.v0l.11,
707 3142 764 3202 dos
805 3143 929 3218 ederet,
974 3146 1193 3229 magistratuum

171 3267 243 3329 pag.
259 3249 310 3321 43.
708 3243 867 3322 exemplo,
900 3250 955 3325 qui
995 3248 1089 3310 ludos
1122 3269 1193 3310 cura·

227 3349 274 3408 13.
294 3347 458 3407 Victoriae
481 3365 666 3407 monumen·
706 3343 798 3416 bant,
819 3361 979 3424 praetexta
995 3352 1195 3432 indu1i3pnr·

169 3463 235 3506 tum
252 3445 399 3506 exstruam
415 3450 574 3527 templum,
588 3450 666 3508 Cae·
706 3466 784 3525 pura
800 3449 832 3503 in
847 3460 939 3528 togae
966 3470 1022 3510 ora
1038 3469 1193 3534 praetexta.

170 3546 241 3606 saris
271 3548 361 3606 titulo
384 3550 566 3611 ornandum.
605 3571 666 3631 po·
705 3549 747 3606 At
768 3568 923 3626 purpurea
948 3548 1038 3612 vestis
1063 3575 1129 3615 non
1146 3555 1193 3613 suit

170 3668 250 3706 nare
274 3648 447 3727 templum,
467 3649 598 3721 τιθέναι,
620 3650 665 3709 sa·
705 3645 761 3707 nist
800 3649 1061 3730 triumphantium
1104 3673 1192 3736 eaque

171 3752 209 3807 tis
224 3763 343 3807 notum.
388 3751 540 3832 Propter,
564 3771 663 3830 prope
705 3755 803 3831 picta,
840 3773 914 3812 auro
938 3752 1092 3818 distincta.
1137 3751 1191 3817 ΜΕ

171 3849 340 3923 Mincium,
384 3852 422 3911 de
459 3858 543 3912 cuius
559 3857 665 3912 inun-
704 3857 738 3911 in
760 3855 884 3915 Graecis
907 3856 1085 3919 ciuitatibus
1110 3859 1191 3918 alium

169 3952 270 4012 dantia
294 3956 394 4012 vicina
416 3959 502 4036 aquis
523 3951 664 4035 stagnan-
704 3976 820 4015 morem
836 3955 922 4017 fuisse
937 3962 1119 4020 contendas.
1145 3962 1191 4018 Sa·

168 4050 248 4112 tibus
296 4053 383 4135 supra
442 4059 572 4115 vidimus
623 4056 662 4115 ad
705 4061 861 4118 cerdotum
877 4082 1049 4141 purpuram
1066 4062 1127 4124 lruc
1144 4061 1189 4120 ad·

151 4153 272 4240 *Eclop
302 4157 399 4234 1,52.
432 4158 501 4240 Vll,
526 4181 572 4223 ta·
613 4161 660 4225 ιδ.
703 4160 833 4223 vocabat
848 4163 983 4227 Seruius.
1015 4167 1097 4230 cons.
1117 4164 1186 4228 Ptin
