2692 4914
233 248 1033 392 caoa‘orcousm.1v,a7a-»ssr
1110 300 1182 397 731

148 484 201 557 Et
220 500 358 572 mater,
395 485 499 584 Cape
517 471 685 557 Maeonii
706 478 1059 574 carchefiaBacchi3
1110 485 1188 562 380
1304 506 1307 512 '

149 621 311 692 Oceano
336 616 513 709 libemus,
531 701 534 708 ¹
554 623 617 691 ait.
669 616 788 691 Simul
806 615 880 716 ipsa
899 637 1074 716 precatur

149 755 428 852 Oceanumque
442 770 587 852 patrem
600 777 735 842 rerum,
748 750 1015 852 Nymphasque
1032 750 1187 849 sorores,

148 890 316 961 Centum
329 911 427 987 quae
442 884 559 978 filuas,
577 905 729 961 centum
746 909 843 986 quae
857 884 1011 958 flumina
1024 884 1187 983 seruant,

145 1023 229 1096 Ter
248 1018 394 1121 liquido
419 1021 615 1094 ardentem
639 1020 804 1121 perfudit
826 1038 978 1094 nectare
1002 1020 1164 1097 Vestam:

219 1205 271 1259 383
293 1219 320 1258 et
339 1201 398 1276 post
408 1202 503 1276 filuas
515 1205 596 1259 Rom.
664 1206 715 1273 384
730 1201 880 1277 perfundit
898 1203 997 1258 Medic.
1018 1205 1125 1278 Meuag.
1146 1224 1186 1279 pr.

145 1344 220 1424 prie
235 1345 269 1402 in
285 1341 372 1404 sacris
390 1342 429 1403 de
444 1347 518 1426 igni.
557 1343 649 1402 Nunc
692 1339 736 1402 est
753 1356 855 1423 pater
876 1356 1008 1401 rernm:
1046 1357 1080 1403 vt
1107 1343 1188 1407 adeo

146 1447 246 1522 ignes
273 1445 461 1513 Panclsaei,
506 1459 575 1506 tura
612 1466 649 1505 ex
692 1451 822 1506 omnino
846 1459 976 1505 naturae
997 1466 1109 1526 parens
1134 1448 1188 1508 illa

146 1545 281 1620 Arabia,
328 1547 541 1624 adolescunt,
584 1569 650 1608 cra-
692 1546 809 1606 edatur.
859 1548 929 1606 Hoc
953 1549 1099 1631 Virgilius
1119 1570 1188 1612 non

145 1665 286 1719 mantus,
306 1650 342 1708 in
358 1653 435 1711 aris.
479 1652 648 1714 'diloBac-
691 1669 728 1709 ex
750 1650 908 1722 Homero,
947 1650 1000 1710 sed
1021 1673 1059 1712 ex
1086 1657 1187 1733 poetis

146 1749 208 1809 clai
236 1752 405 1820 Maeonii,
445 1756 508 1813 vini
544 1755 645 1837 Lydii,
689 1748 957 1831 philosophemata
997 1751 1188 1814 decantanti·

145 1855 268 1915 Tmolii
290 1853 377 1935 supra
401 1853 516 1939 Georg.
530 1856 570 1929 ll,
594 1860 646 1936 98,
690 1853 747 1913 bus
782 1850 907 1913 haulille
944 1854 1041 1915 videri
1081 1855 1186 1918 debet.

144 1976 211 2039 pro
244 1955 465 2038 praestantiore
500 1964 564 2019 vini
594 1980 647 2041 ge-
690 1957 805 2038 Segaar
827 1970 859 2015 et
874 1957 1035 2040 Royaards
1055 1960 1090 2018 in
1111 1959 1188 2018 Dia-

145 2079 239 2120 ncre.
301 2061 383 2121 Nam
411 2063 648 2122 Catacecauma-
691 2059 771 2119 tribe
783 2059 869 2118 acad.
893 2059 1001 2140 (1775)
1026 2081 1058 2142 p.
1074 2065 1112 2125 81
1133 2063 1188 2123 de·

144 2166 238 2223 nium
252 2167 358 2224 vinum
371 2164 566 2248 geographis,
582 2185 649 2225 non
691 2176 815 2241 ceptum
845 2163 998 2243 putabant
1023 2165 1188 2247 Virgilium

147 2269 271 2346 poerit,
305 2282 433 2328 notum:
475 2290 505 2329 v.
526 2268 648 2355 ¹Strabo
691 2269 948 2345 interpretatione
969 2287 1066 2348 praua
1086 2267 1188 2329 verius

148 2368 238 2442 xm,
268 2390 339 2452 pag.
360 2373 420 2450 931
450 2385 525 2430 extr.
570 2373 649 2431 Car·
690 2368 778 2428 Iliad.
819 2370 855 2447 ξ,
897 2373 959 2449 246
1018 2366 1187 2444 Ὠκεανοῦ,

147 2469 294 2548 chestssm
313 2494 365 2534 vas
382 2473 565 2556 oblongum,
594 2494 650 2534 an·
691 2458 783 2556 ’ὅπερ
815 2471 930 2547 γένεσις
960 2463 1107 2537 πάντεσσι
1139 2474 1187 2539 ri·

145 2574 258 2637 satum.
288 2576 349 2637 vid.
372 2573 566 2637 Athenaeum
586 2576 648 2649 x1,
691 2597 808 2647 τνκτνι,
830 2595 901 2634 cum
921 2568 1086 2639 πάντεσσιν
1100 2596 1188 2637 acce·

144 2699 182 2760 p.
199 2683 264 2756 474
276 2677 313 2739 E.
356 2679 459 2739 Docta
476 2677 570 2739 deco
590 2679 650 2738 dis·
690 2680 771 2757 perit
787 2677 914 2735 ductum
932 2696 951 2736 a
970 2670 1087 2740 tiara:
1116 2698 1188 2738 cum

146 2784 275 2864 putatio
299 2801 349 2862 ap.
371 2779 511 2842 Macrob.
535 2782 574 2855 V,
598 2802 649 2842 21.
691 2795 795 2839 tamen
810 2776 869 2840 lint
885 2771 998 2848 πάντες
1011 2777 1082 2845 θεοὶ
1095 2781 1188 2841 intel·

147 2885 228 2947 381.
249 2884 399 2952 Oceano,
427 2891 544 2968 quippe
566 2903 650 2945 com·
690 2882 825 2965 ligendi,
847 2880 1016 2945 ef.v.201.
1067 2882 1186 2942 Verum

146 2990 241 3047 muni
270 2990 411 3047 omnium
430 2987 593 3047 fluminum
618 3002 650 3048 et
690 2985 836 3066 iplaloca
850 3004 887 3044 ex
902 2982 1045 3065 Orphicis
1065 2997 1096 3046 et
1111 2984 1187 3044 Cra·

146 3087 288 3149 fontium
331 3094 422 3170 patri.
481 3091 567 3150 Iliad.
611 3095 650 3171 φ,
692 3103 756 3148 tete
779 3088 846 3147 latis
866 3087 997 3161 docent,
1033 3082 1102 3168 poll
1119 3087 1186 3148 Ho-

152 3193 217 3271 195
232 3189 295 3274 sqq.
311 3208 343 3252 et
356 3192 438 3253 alibi.
481 3193 549 3253 Diis
568 3191 649 3252 sacra
690 3212 811 3250 merum
831 3191 922 3263 alios,
953 3195 1007 3273 qui
1027 3190 1060 3250 id
1080 3189 1187 3272 prodi·

144 3295 270 3356 iaciunt
294 3296 345 3353 alii
370 3296 414 3356 dii
443 3300 535 3355 etiam
564 3296 647 3368 alibi,
692 3296 818 3367 derant,
846 3295 978 3376 Virgilio
997 3291 1057 3353 hoc
1078 3293 1189 3375 luppe-

146 3401 248 3459 etiam
268 3400 303 3456 in
316 3395 496 3481 anaglyphis
515 3403 648 3481 antiquis
692 3399 789 3457 ditare
805 3393 946 3476 potuille.
965 3398 1002 3458 cl.
1015 3397 1074 3458 loc.
1087 3419 1104 3458 e
1117 3400 1189 3459 Ser·

144 3506 289 3564 minores
324 3501 508 3570 maioribus;
565 3500 595 3560 h.
628 3501 648 3562 l.
691 3504 743 3560 vio
764 3499 803 3558 ad
824 3520 852 3558 v.
874 3500 947 3561 563.
996 3502 1067 3564 583.
1090 3503 1189 3586 Nym·

146 3611 247 3668 etiem
275 3600 420 3686 Nympha
441 3602 518 3664 libat
553 3605 650 3688 Nym·
691 3599 784 3683 phae,
806 3600 924 3662 sorores
942 3602 1077 3687 Cyrenes
1092 3625 1189 3688 gene·

144 3705 238 3791 phis,
285 3705 359 3765 durn
390 3727 497 3787 preces
527 3705 649 3790 Cyrene
691 3706 748 3765 rali
766 3709 908 3779 notione,
930 3705 967 3765 ab
984 3708 1113 3768 Oceano
1134 3728 1188 3791 ge·

145 3807 295 3871 facit'sd
315 3808 475 3869 Oceanum
499 3824 532 3870 et
552 3811 650 3893 Nym·
690 3829 749 3869 nus
772 3810 931 3881 ducentes,
970 3824 1003 3870 vt
1032 3811 1094 3892 ipsa
1126 3812 1188 3896 Cy·

144 3910 229 3996 phas
241 3911 407 3993 placandas
419 3912 495 3983 lilio,
523 3918 577 3995 qui
593 3912 650 3972 ila·
692 3932 777 3984 rene,
796 3911 909 3993 Hypsei
925 3913 946 3973 i.
967 3914 1005 3973 ci.
1020 3914 1059 3973 ad
1072 3935 1100 3974 v.
1112 3915 1187 3992 341.

146 4019 230 4100 gitio
252 4015 473 4098 inEtuydicen
492 4013 649 4076 commillo
682 4015 839 4094 sericam,
865 4017 1022 4090 incolunt,
1050 4033 1082 4077 vt
1096 4016 1188 4098 saepe

146 4123 230 4181 iram
245 4138 351 4180 earum
366 4121 401 4177 in
421 4116 451 4178 ie
472 4139 650 4179 commoue-
692 4132 814 4199 poetae.
840 4120 895 4176 ini.
911 4140 937 4177 v.
952 4123 1015 4199 459
1044 4118 1185 4201 hydrum

146 4235 208 4284 rat.
256 4221 334 4285 Mox
359 4241 389 4286 v·
415 4223 478 4287 382
505 4224 650 4286 Oceanus
680 4224 878 4302 seruantem
890 4223 990 4303 n'pas.
1032 4225 1106 4306 584.
1121 4224 1188 4290 Ve-
