2692 4914
227 305 712 412 limoticinum,
735 323 903 421 43-49
1019 326 1069 414 43

41 543 81 586 er.
99 498 302 590 Fortunate
324 508 452 598 senex,
493 531 582 604 ergo
602 527 667 579 tua
688 534 775 581 rura
791 509 1016 584 manebunt!

43 651 86 720 Et
110 645 178 717 tibi
201 669 334 742 magna
353 640 452 730 iatis5
499 620 667 742 quamuis
688 643 781 743 lapis
802 649 928 716 omnia
947 645 1070 722 nudus

43 777 267 877 Emoloque
291 777 396 877 palus
419 774 583 849 obducat
610 776 746 875 pascua
767 783 894 854 iunco.

104 943 140 1008 48
159 939 200 995 Ex
217 939 272 992 hoc
286 954 312 992 et
323 957 346 990 v.
363 941 396 993 52
423 937 633 1011 expedienti
661 940 689 991 in
710 939 798 1012 Epigr.
824 958 870 1010 177
895 943 1004 996 Antbol.
1026 942 1074 996 ltt.

46 1031 91 1089 ιι
126 1028 209 1078 Haec
227 1025 282 1076 tibi
292 1024 408 1094 semper
429 1039 522 1085 erunt,
547 1023 595 1076 liic
614 1032 687 1077 inter
699 1024 825 1094 stumtna
846 1043 977 1082 notaetc.
1018 1029 1074 1080 Το-

48 1129 97 1167 tum
122 1127 230 1162 (nmen
257 1129 288 1163 ex
318 1108 468 1179 Virgilituis
496 1108 608 1163 verlibut
641 1108 679 1166 est
709 1126 868 1166 contextum.
952 1125 987 1184 49
1005 1111 1072 1166 ohd.

50 1205 140 1252 onnia
160 1192 209 1247 mi
231 1196 331 1247 Kdler.
353 1193 436 1265 elup.
459 1194 539 1247 versu.

50 1337 134 1398 biart.
160 1334 212 1405 13,
240 1333 282 1395 65
293 1329 543 1408 submittendas
584 1345 720 1415 quuntur
739 1336 821 1396 varie
842 1336 1020 1416 interpungi
1043 1348 1075 1396 et

54 1440 296 1507 taurisvaccae,
312 1433 496 1512 idemlul.4‚
511 1455 542 1505 ις
585 1439 698 1514 exponi
711 1433 842 1515 poliunt.
885 1438 946 1497 Aut
966 1454 1000 1497 vt
1018 1459 1078 1499 no.

54 1543 82 1599 ia
87 1543 243 1620 feturam
246 1535 406 1614 submitti
412 1536 544 1617 poffnnt
585 1557 622 1596 vn
634 1535 781 1597 sententie
792 1538 856 1598 fiat:
869 1540 1077 1622 Quamuis-

53 1663 168 1701 vaccae
182 1639 262 1699 ibid.
286 1635 484 1698 Nemesianus
501 1652 545 1696 tu·
589 1637 732 1698 obducat
742 1640 1079 1718 pascnairmco:Non

55 1766 117 1806 tuen
131 1745 211 1804 dixit
220 1741 341 1823 Cyneg.
361 1748 436 1818 114:
459 1740 547 1797 Ηιιίο
589 1741 719 1819 (tamen)
743 1742 776 1797 in
794 1754 871 1798 taeta
891 1762 924 1819 g.
974 1759 1026 1801 eut
1046 1758 1080 1803 vt

58 1849 126 1923 (mni
140 1845 298 1921 feminee)
313 1843 453 1923 parilem
491 1839 548 1898 nb·
590 1862 660 1900 cum
681 1841 876 1901 antecedenti
894 1847 1017 1925 iunges:
1049 1856 1083 1903 et

59 1952 142 2008 mitte
161 1966 317 2029 materne
341 1944 424 2004 alind
445 1959 548 2003 autern
590 1942 653 2003 cibi
671 1963 794 2021 magna
805 1941 906 2019 satis,
931 1948 1084 2027 quamuis

59 2052 227 2133 exemplum
236 2044 462 2111 ndndumvidi.
485 2041 550 2103 Nili
591 2046 743 2123 Iapis-
771 2048 878 2106 irtaco.
937 2043 1015 2108 Non
1041 2052 1083 2123 ιζ,

61 2171 87 2214 et
103 2155 147 2214 ibi
170 2149 216 2213 est
236 2145 414 2210 submittere
442 2163 476 2207 vt
498 2146 551 2206 ad·
592 2164 625 2208 vt
637 2145 800 2209 fitiensuu:
829 2150 1009 2210 manebunt
1023 2165 1083 2210 tua

10 2240 12 2249 ι
61 2262 191 2316 mittatur
223 2271 256 2313 v.
281 2250 359 2309 Vlit.
395 2250 435 2309 nd
466 2270 493 2309 e.
530 2249 551 2309 l.
591 2251 737 2334 pascua,
760 2249 849 2327 satis
867 2251 929 2310 tibi
951 2272 1084 2330 magna,
1116 2242 1120 2259 ⁴

62 2359 240 2421 Theocritus
254 2352 313 2425 lx,
333 2355 354 2416 3
369 2352 478 2413 eadem
490 2351 554 2411 lor·
596 2357 746 2435 quamuis
758 2353 843 2435 lapis
858 2368 890 2413 et
908 2354 1005 2426 palus
1020 2375 1088 2413 ont·

65 2481 104 2520 tut
119 2464 164 2519 vti
180 2457 320 2516 videtur:
343 2449 475 2536 ttc'exue
492 2458 553 2536 βω-
595 2459 653 2514 m'a
668 2455 819 2516 obducat.
862 2457 926 2517 lam
948 2455 1008 2517 hoc
1030 2459 1088 2516 du·

67 2566 100 2625 rb
119 2554 270 2640 ὑφέντες,
292 2553 349 2621 tiro*
361 2555 505 2640 crcr'pxtet
521 2556 552 2619 δὲ
594 2559 667 2638 plici
708 2556 807 2637 potest
823 2632 825 2640 Ι
844 2559 939 2620 modo
974 2560 1089 2619 dictum

68 2661 185 2748 κόμῃ
207 2658 264 2721 etli
278 2660 372 2720 ethic
387 2658 554 2719 dubialec·
596 2656 666 2731 elle,
698 2676 750 2718 eut
768 2676 800 2720 vt
822 2682 895 2743 ager
918 2662 970 2722 ille
989 2664 1089 2745 Tityri

70 2757 553 2839 doesncuminaliistxloefin
596 2761 710 2822 saxosus
733 2778 764 2821 et
785 2760 922 2842 palustris
950 2761 1001 2831 lit;
1038 2777 1091 2824 eut

72 2887 93 2928 et
114 2873 162 2927 rix
183 2860 308 2944 ὑφιέναι
329 2866 441 2927 eodem
469 2862 555 2923 versu
596 2880 629 2923 vt
652 2869 732 2922 inter
749 2865 878 2924 eliorum
901 2885 989 2945 agros
1009 2864 1090 2923 laxo.

75 2972 173 3052 duplici
190 2967 279 3029 lenlu
297 2967 371 3026 dixit
390 2982 495 3047 poeta,
523 2980 556 3024 vt
598 2966 644 3025 sos
662 2982 693 3026 et
713 2964 857 3046 palustres
879 2965 987 3045 pascua
1005 2965 1092 3046 Tity-

76 3090 96 3133 et
113 3073 147 3134 fit
168 3071 297 3132 vitulos
316 3069 470 3128 vberibus
490 3088 558 3126 ma·
600 3091 650 3128 rus
674 3068 785 3128 lrabeat
801 3068 867 3127 latis
887 3066 970 3127 bone
993 3082 1024 3125 et
1046 3082 1093 3125 to·

77 3190 146 3235 trum
174 3173 359 3233 admonere
391 3173 439 3250 (vt
466 3173 558 3254 vulgo
600 3170 746 3231 lerabilia.
801 3171 871 3229 Hoc
908 3169 1091 3249 praeferam,

76 3297 100 3336 er
115 3299 174 3338 vox
188 3274 364 3347 adhibetur,
382 3297 411 3335 v.
429 3296 454 3334 c.
470 3275 523 3348 IV,
538 3282 560 3352 4
601 3290 633 3333 vt
648 3274 823 3355 neglectum
846 3273 982 3331 culturae
1006 3292 1095 3354 egro·

80 3377 135 3441 tist'
158 3378 173 3441 ὁ
198 3370 297 3460 γέρων
324 3373 424 3461 ὑφίησι
446 3373 484 3442 τοὶ
509 3402 561 3455 tto·
601 3397 670 3435 rum
694 3376 811 3436 colonis
834 3374 890 3436 luis
919 3390 1096 3456 ereptorum

81 3484 165 3563 wi),
198 3498 232 3541 et
254 3477 431 3539 admittere
452 3482 563 3540 vaccis
604 3500 640 3538 ea
653 3499 701 3538 res
717 3494 832 3559 arguat.
875 3479 999 3538 Scilicet
1013 3477 1096 3538 haud

82 3598 210 3642 taurum.
254 3580 400 3643 Debebat
427 3583 466 3643 ed
490 3605 518 3643 e.
542 3583 562 3644 l.
605 3581 697 3641 dubie
724 3579 799 3640 haec
828 3580 999 3640 dictasunt
1027 3603 1097 3642 cum

10 3713 16 3745 e
85 3687 166 3746 tuditi
179 3685 341 3762 Reisltius,
369 3690 498 3745 nimium
517 3689 564 3746 in·
605 3682 743 3764 respectu
785 3683 928 3744 fortunae
972 3680 1097 3743 istorum

10 3822 20 3848 :
87 3788 192 3848 ttrdum
212 3787 383 3869 neglectus.
583 3775 790 3866 temporum.
853 3784 1009 3845 Prioribus
1043 3787 1099 3848 do·

10 3918 23 3938 ·-
118 3897 166 3967 47.
183 3891 275 3968 Ergo
290 3905 349 3948 tua
364 3910 445 3950 rura
457 3908 567 3948 mane-
607 3893 697 3950 minis
716 3891 813 3968 erepti
830 3891 893 3969 egri
912 3907 930 3946 a
949 3891 1100 3947 veteranis

10 4020 26 4057 μ·
94 3987 157 4048 lunt
170 3993 238 4065 tihi,
257 4013 325 4054 non
339 3997 519 4074 eripientur,
536 4005 568 4049 et
609 3993 688 4053 male
720 3991 792 4050 culti
826 3989 959 4050 sentibus
997 3989 1102 4050 horre·

98 4108 124 4148 Μ
140 4095 257 4175 quidem
265 4096 356 4172 satis
377 4115 508 4174 magna,
530 4095 569 4154 ad
609 4095 702 4166 bant,
740 4093 855 4153 lacunis
882 4107 914 4152 et
940 4089 1103 4172 paludibus

10 4227 32 4267 2:
101 4191 225 4267 lucenda
239 4215 388 4262 armenta.
422 4200 511 4281 Quae
525 4197 569 4260 le·
612 4211 700 4258 erant
715 4196 857 4257 obducti:
879 4194 913 4255 id
927 4194 1106 4280 quodmul-
