2692 4914
252 341 956 454 avcomcaaca.1v,31-19
1061 368 1133 456 10'7

74 540 351 639 Pacatumque
371 560 474 640 reget
496 546 622 641 patriis
647 540 841 615 virtutibus
864 541 1006 618 orbem.

71 679 125 746 At
148 671 225 744 tibi
248 680 386 772 prima,
425 700 538 775 puer,
567 675 672 749 nullo
691 674 907 750 munuscula
930 676 1043 768 cultu,

66 811 250 880 Errantis
272 807 401 883 ederas
426 805 553 908 passim
574 836 661 884 cum
685 809 859 900 baccare,
898 808 1017 901 tellus,

143 1025 178 1077 ¹7
199 1015 295 1078 patrie
318 1005 427 1065 Mutel.
449 1028 489 1081 pr.
511 1023 537 1063 et
563 1009 591 1071 in
615 1008 786 1064 vetusliffimia
807 1010 909 1087 aliquot
927 1009 1013 1065 Pierii.
1035 1008 1054 1062 s.
1067 1027 1115 1080 pro

63 1095 169 1166 patris.
250 1095 283 1146 18
300 1095 346 1144 Ac
366 1093 419 1146 tibi
438 1092 517 1148 Rom.
551 1102 642 1163 primo
664 1095 779 1149 Parrhas-

59 1263 237 1348 ιιίὴτο,
274 1266 384 1325 Aratus
410 1263 578 1326 Phaenom.
620 1270 757 1346 imperio
771 1269 923 1351 populos,
952 1270 1111 1343 Romane,

64 1378 155 1446 104,
189 1387 287 1450 quom
309 1383 381 1428 ante
401 1368 507 1429 oculos
527 1366 579 1426 ha·
620 1381 791 1445 memento)
807 1377 887 1456 regit
902 1367 1006 1452 pallea
1020 1374 1113 1453 pria·

62 1470 149 1530 buit.
207 1489 257 1549 ¹7·
285 1469 449 1528 Pacatum
468 1468 579 1528 orbem
621 1493 712 1553 ceps,
744 1487 773 1531 at
793 1493 853 1533 nec
871 1475 1016 1548 Senatus,
1051 1494 1111 1536 nec

61 1587 196 1652 reget:
224 1575 319 1633 etiam
339 1570 401 1632 hoc
422 1591 460 1631 ex
485 1591 579 1630 aurea
618 1572 814 1657 magistratus.

60 1692 202 1747 notate,
236 1673 322 1756 quod
349 1677 382 1733 in
406 1694 443 1734 aa
467 1687 590 1754 pacata·
664 1677 711 1738 18.
731 1675 892 1736 Felicitatis
906 1693 1031 1733 aureae
1051 1672 1109 1733 hu·
1183 1706 1186 1711 ·

61 1781 184 1840 omnin
215 1775 300 1836 sunt:
340 1775 495 1837 obscurius
522 1772 574 1847 est,
616 1780 663 1836 lua
677 1778 807 1848 aetatis,
828 1797 864 1836 ex
880 1774 1013 1836 versibus
1028 1775 1109 1836 forto

61 1879 162 1963 quod
179 1878 285 1950 addit,
308 1880 430 1959 patriis
444 1878 575 1935 virtuti-
616 1875 774 1938 Hesiodeis
788 1878 809 1937 l.
830 1878 850 1938 l.
877 1881 934 1942 130
955 1875 1018 1960 sqq.
1040 1875 1109 1936 sub·

60 1981 144 2049 bus,
175 1983 326 2052 omnino,
352 1984 519 2041 maiorum:
543 1993 575 2038 et
617 1996 686 2041 orto
708 1995 894 2051 commento,
917 1981 1016 2038 initia
1037 1999 1107 2038 cum

64 2085 110 2144 ad
137 2083 224 2155 hoc,
262 2096 418 2164 tamquam
446 2081 485 2141 ad
510 2079 575 2141 sco·
614 2085 746 2162 pueritia
764 2082 934 2162 procedere
951 2081 1033 2153 lacit,
1055 2082 1106 2138 in-

63 2187 229 2268 pulum,·
254 2168 386 2246 offendit
417 2182 575 2265 quaelibet
615 2199 781 2244 crementa
801 2204 965 2245 varocum
989 2181 1105 2244 adoles-

63 2293 190 2370 opinio
217 2285 259 2346 do
285 2306 385 2367 puero
412 2284 573 2344 nascituro.
616 2292 733 2361 centia,
754 2306 824 2348 cum
838 2285 918 2345 virili
934 2286 1060 2371 tandem
1074 2301 1107 2347 et

63 2389 296 2453 Marcellorum
310 2387 436 2472 quidem
456 2406 575 2448 nomen
614 2390 750 2471 perlecta
779 2402 877 2448 aetate
900 2390 1007 2447 vitam
1029 2407 1107 2470 per-

63 2497 104 2554 in
134 2489 305 2552 annalibus
328 2477 477 2550 Romania
504 2489 575 2548 ola·
604 2488 826 2571 fectzffimam.
875 2490 965 2550 nullo
996 2489 1105 2565 cultu,

66 2591 246 2655 riffimum:
294 2590 440 2652 hactenus
479 2610 573 2670 puer,
613 2597 657 2653 vti
681 2598 785 2653 omnia
809 2597 842 2654 in
865 2591 984 2654 saeculo
1012 2612 1106 2652 aureo

69 2701 128 2779 qui
159 2716 198 2755 ex
228 2693 376 2765 Octauia,
413 2693 574 2752 Octauiani
614 2694 823 2768 nascebantur,
843 2694 966 2756 Hosiod.
990 2695 1010 2752 l.
1032 2694 1052 2752 l.
1075 2714 1104 2753 v.

70 2798 193 2868 sorore,
205 2796 355 2856 Marcello
368 2809 477 2875 nupta,
491 2813 575 2853 nunc
619 2800 677 2860 118
706 2792 821 2880 καρπὸν
849 2794 873 2859 δ’
893 2797 988 2879 ἔφερε
1012 2790 1106 2880 (aido.

73 2917 182 2959 autem
223 2900 362 2957 Antonio
407 2894 572 2976 desponsa,
614 2922 663 2978 ρος
696 2890 804 2981 ἄρουρα
837 2891 998 2978 Αὐτομάτη
1032 2898 1107 2959 πολ·

73 3006 183 3085 pauiit
196 2998 358 3058 virtutibus
373 3012 498 3057 ornatus
514 2992 573 3055 elie
616 2993 671 3062 λέν
690 3023 724 3062 τε
748 2999 799 3061 καὶ
819 2988 974 3076 ἄφθονον·
993 2996 1043 3056 hic
1063 3012 1108 3056 ta·

75 3119 221 3185 poterat:
257 3119 393 3183 atquae
420 3100 485 3178 spes
513 3094 574 3156 else
616 3121 699 3171 men,
722 3115 828 3178 vtpoto
851 3100 1027 3159 ininsantia
1045 3103 1110 3159 eius

76 3208 199 3287 potuit,
228 3217 262 3262 vt
282 3203 332 3262 ille
354 3201 465 3260 orbem
484 3220 575 3277 rege·
615 3209 720 3286 pueri,
751 3200 858 3261 herbas
878 3217 997 3261 tantum
1009 3217 1040 3260 et
1052 3200 1111 3260 ilo-

78 3309 156 3364 ree?
175 3307 252 3364 Non
264 3307 360 3387 magis
377 3309 409 3362 in
423 3324 521 3382 puero
539 3323 576 3360 ex
618 3327 666 3366 res
689 3304 739 3363 sua
766 3304 873 3384 sponte
903 3318 983 3364 tarra
1011 3304 1110 3365 editos

83 3410 259 3468 Octauiano
293 3422 325 3466 et
352 3405 511 3465 Scribonia
545 3402 579 3461 id
619 3423 787 3476 memorat;
834 3422 865 3464 at
900 3407 1001 3490 sruges
1042 3427 1112 3468 cum

82 3510 186 3570 locum
202 3508 353 3569 habebat:
381 3528 453 3568 nam
470 3507 508 3567 de
526 3503 580 3564 he-
621 3510 823 3571 adolescentia
839 3531 867 3570 v.
885 3512 944 3577 28,
978 3531 1046 3569 cum
1067 3512 1112 3567 vi·

8 3650 10 3661 ·
87 3613 160 3672 rede
197 3615 319 3692 imperii
353 3626 386 3671 et
416 3605 579 3671 successore
620 3615 669 3672 rili
685 3613 809 3673 tandem
832 3627 932 3673 aetate
947 3631 1040 3671 omne
1060 3630 1112 3692 ge·

90 3712 245 3796 defignato
268 3734 307 3772 eo
330 3728 468 3793 temporo
496 3713 581 3794 cogi·
620 3737 678 3776 nus
702 3730 872 3796 prouentus
893 3731 992 3774 terrae
1005 3712 1115 3793 sponte

90 3821 145 3875 tari
166 3815 306 3877 nondum
328 3820 440 3895 potuit·
478 3815 579 3874 MullO
621 3817 760 3879 nascetur
772 3840 799 3876 v.
809 3821 859 3898 59.
883 3817 1013 3876 Ouidius
1028 3814 1117 3886 adeo,

95 3920 189 3978 minus
211 3916 288 3979 haec
319 3918 432 3977 cadunt
456 3921 489 3975 in
511 3914 582 3973 Pol·
614 3919 690 3996 stne
704 3920 850 3998 semine,
887 3919 972 3980 addit
992 3919 1069 3978 Met.
1090 3914 1116 3988 l,

100 4016 192 4093 Υιοιιὶς,
202 4025 257 4081 viri
268 4019 443 4093 consularis,
451 4018 581 4100 prolem·
630 4023 698 4085 108.
726 4043 771 4102 19.
787 4026 929 4090 Boccor:
943 4015 1117 4088 Pilum,

103 4120 187 4195 degit
210 4124 319 4186 orbem
346 4139 493 4185 terrarum
525 4141 585 4199 po·
628 4122 689 4184 fis.
719 4127 755 4186 16
805 4125 954 4184 Bacchar
990 4137 1120 4204 quoque

105 4225 186 4298 pulos
196 4228 364 4298 Romanus,
392 4228 414 4305 (
415 4229 459 4285 Tu
475 4244 588 4303 regere
630 4223 752 4286 radicis
788 4243 918 4288 contum
956 4221 1120 4284 odoratae
