2692 4914
261 326 312 417 49
462 249 773 382 rtvrnottrr
797 299 1059 379 nunonis

263 496 463 598 Postquam
483 518 553 565 nos
568 488 761 582 Amaryllis
779 488 908 582 habet,
947 432 1103 563 Galatea
1125 489 1292 590 reliquit.

266 643 455 732 Nunque,
495 622 643 698 fatebor
684 629 802 716 enim,
841 625 932 698 dum
964 650 1026 698 me
1056 624 1212 698 Galatea
1241 643 1296 698 te·

878 756 1002 848 nebat,

268 908 348 981 Nec
375 898 451 999 spes
472 891 648 964 libertatis
670 909 763 981 erat,
790 916 862 966 nec
884 916 972 966 cura
989 891 1131 990 pecull.

270 1034 450 1135 Quamuis
470 1025 587 1100 multa
608 1027 699 1097 meis
724 1029 840 1101 exiret
865 1029 1010 1101 victima
1031 1024 1177 1123 saeptis,

337 1267 368 1320 31
381 1262 511 1318 Galatea,
531 1256 673 1314 Γαλάτεια.
691 1255 759 1309 male
775 1257 801 1308 in
814 1254 902 1310 multia
912 1254 1062 1311 Galatica.
1131 1256 1166 1322 34
1174 1254 1297 1325 saeptis.

272 1353 350 1408 Hanc
368 1349 517 1417 scripturam
536 1345 564 1398 lt.
580 1342 598 1394 l.
624 1343 664 1394 tiit
683 1339 736 1392 (luo
750 1343 813 1412 Reg.
832 1357 859 1394 et
879 1340 1004 1398 Mento..
1037 1341 1064 1391 in
1086 1337 1143 1392 aliia
1165 1339 1232 1393 locis
1251 1360 1299 1392 tn.

274 1436 400 1509 tiquioret
420 1428 569 1502 agnoscunt.
618 1426 748 1479 Nonnulli
776 1425 935 1497 distinguunt
962 1423 1022 1498 post
1045 1432 1175 1495 pinguis,
1213 1441 1240 1479 vt
1265 1426 1300 1480 lit

273 1527 390 1577 uictima
412 1523 543 1586 plagati,
576 1527 601 1565 rt
621 1511 676 1563 Ecl.
692 1511 737 1572 Vl,
759 1521 783 1578 4.
828 1515 859 1564 At
879 1506 1060 1569 bailiarum,
1088 1510 1200 1577 caseus,
1220 1511 1298 1563 lubil-

275 1623 374 1662 ceretur
390 1601 443 1655 fine
461 1599 592 1672 epitheto:
625 1615 677 1669 quo
697 1611 849 1648 extenuatur
870 1597 970 1648 oratio:
1006 1609 1100 1665 poetae
1115 1595 1204 1668 itaque
1226 1598 1298 1667 priua

276 1691 331 1759 fine
345 1688 461 1760 epitheto
483 1684 627 1756 relinquere
649 1681 746 1744 solent,
790 1680 864 1735 altori
883 1679 1139 1754 epithetontdtlere.
1192 1696 1301 1736 erraret

276 1784 394 1832 victima
412 1768 527 1824 Parthas.
541 1770 630 1822 Burin.

278 1939 347 2023 gula
357 1936 396 1995 ad
409 1930 623 1994 declarandum
636 1944 765 2010 tempus,
807 1928 934 1990 tendum
955 1943 1075 2002 tamen,
1103 1923 1235 1990 insidere
1255 1928 1302 1992 hia

278 2060 342 2122 quo
359 2036 529 2095 libertatem
549 2030 692 2101 obtinuit,
717 2053 768 2090 va·
807 2031 909 2091 nescio
929 2033 1004 2113 quid
1024 2028 1174 2090 inuenulli
1198 2047 1229 2091 et
1253 2037 1303 2093 in·

277 2141 343 2199 lere
373 2134 497 2195 debent.
554 2131 591 2188 ln
614 2130 767 2204 senectute
808 2139 917 2194 coniti:
939 2134 977 2192 cl.
986 2133 1025 2191 V.
1039 2134 1092 2201 L.;
1111 2153 1303 2214 quamquam

279 2238 418 2300 barbam
427 2248 587 2304 memorat,
600 2233 767 2312 quialiber.
809 2249 840 2293 et
860 2235 918 2292 alia
936 2235 1084 2294 nonnulla
1106 2237 1139 2292 in
1161 2232 1222 2295 hoc
1240 2241 1304 2316 pri·

277 2356 374 2403 tatern
399 2335 601 2417 consequutus
624 2352 691 2392 earn
715 2334 768 2392 de·
808 2355 861 2393 nto
883 2339 1016 2395 carmine
1043 2334 1148 2414 paullo
1170 2340 1305 2399 ieiunius

276 2445 377 2526 ponit.
421 2438 558 2517 Contigit
579 2449 699 2505 tamen,
721 2439 768 2492 in·
810 2437 889 2494 dicta
905 2436 1001 2495 videri
1021 2433 1154 2516 pollunt.
1198 2440 1304 2502 Multo

279 2563 384 2628 quant,
399 2540 531 2609 libertas,
547 2551 579 2597 et
591 2535 687 2594 multo
700 2532 769 2614 post
809 2557 883 2596 vero
892 2544 986 2618 tnagis
1000 2536 1118 2597 inlicere
1132 2537 1211 2601 baec
1222 2540 1303 2614 lunt,

277 2644 355 2706 mihi
369 2645 439 2702 data
453 2637 511 2712 eii,
529 2635 710 2718 postquam,
732 2658 768 2696 ex
809 2635 912 2695 ficunt
928 2638 991 2696 alus
1007 2659 1064 2716 per
1080 2639 1207 2701 alteram
1228 2649 1304 2703 ami-

277 2768 342 2831 quo
361 2760 518 2824 tempore,
547 2758 565 2798 a
582 2739 708 2797 Galatea
721 2759 769 2798 re-
810 2757 886 2809 carn,
902 2741 1074 2812 Mantuam,
1092 2761 1150 2820 per
1163 2744 1303 2820 alteram,

276 2848 384 2920 lictus,
410 2850 442 2905 in
460 2840 666 2924 Amaryllidis,
697 2861 770 2900 con·
809 2837 941 2898 Romam
952 2842 1096 2901 declarari
1108 2851 1304 2923 pronuntiet.

276 2948 381 3010 lernae
405 2964 512 3028 tquam
540 2945 609 3006 v.3
636 2946 769 3002 carmine
868 2943 920 3018 34.
959 2945 1107 3023 Quantula
1150 2949 1303 3009 iuuencut

241 3079 244 3087 ·
275 3048 443 3122 recolebat,
476 3063 508 3108 et
525 3065 604 3128 quae
627 3065 768 3104 moerore
809 3061 885 3101 unua
905 3059 936 3102 et
949 3045 1025 3104 alter
1038 3066 1074 3106 ex
1088 3051 1166 3106 nteit
1181 3069 1301 3111 armen-

276 3151 332 3212 suo
354 3172 391 3211 ex
406 3151 505 3232 Tityri
527 3146 660 3206 absentia
683 3165 768 3205 amo·
809 3146 846 3202 tit
875 3145 1021 3207 deductus
1056 3149 1245 3210 venderetur
1268 3157 1301 3214 itt

275 3272 341 3311 rem
369 3250 454 3308 suunt
475 3248 628 3329 prodebat
649 3242 697 3304 vss'.
724 3248 765 3325 37
807 3245 897 3320 vrbe,
927 3263 980 3307 aut
1001 3270 1040 3309 eo
1061 3249 1301 3328 deportarentur

275 3350 365 3434 sqq.),
379 3347 583 3410 contubernio
596 3349 667 3408 lum.
682 3351 766 3407 Arni·
806 3366 824 3406 a
848 3368 898 3408 nte
923 3346 1007 3410 casei.
1059 3349 1178 3412 Habuit
1197 3332 1301 3423 autem

275 3473 310 3513 ca
327 3473 368 3513 ne
387 3453 438 3511 illa
452 3458 577 3532 proprie
597 3451 692 3520 dicta,
725 3470 765 3509 an
805 3449 948 3532 Virgilius
983 3455 1018 3512 in
1049 3459 1154 3514 animo
1188 3455 1299 3518 Catull.

276 3575 358 3638 quae
384 3559 417 3614 in
447 3552 651 3614 contubernio
679 3545 776 3625 ellet‚'
805 3553 881 3624 XX,
916 3557 1064 3616 10-13
1090 3556 1145 3633 (al.
1171 3558 1296 3639 cxlv),

272 3657 415 3719 Romano
434 3654 535 3728 sensu,
571 3653 765 3735 quandoqui·
803 3650 966 3735 siquidem
979 3655 1090 3716 Catulli
1105 3678 1230 3720 carmen
1244 3658 1297 3721 est.

272 3758 343 3817 dem
360 3758 514 3819 seruorum
536 3776 602 3816 non
628 3760 763 3837 coniugi·
804 3757 918 3838 Georg.
932 3757 992 3830 ΠΙ,
1021 3768 1084 3836 4οο
1105 3759 1205 3842 Quod
1217 3763 1296 3839 fier·

271 3877 323 3916 utn
340 3875 421 3932 erat,
443 3859 495 3920 sed
516 3857 760 3931 contubernium,
800 3873 899 3933 gente
917 3858 972 3917 die
989 3861 1126 3940 mulsere
1139 3863 1295 3948 hortoque

190 3990 193 3996 ·
269 3979 336 4023 non
355 3963 460 4024 dicam.
481 3963 579 4038 longo
588 3959 661 4042 post
681 3975 760 4018 tem·
799 3954 943 4029 diurnis,
990 3964 1091 4024 Nocte
1130 3983 1294 4046 premunt3

260 4083 353 4143 pore,
381 4078 413 4121 vt
434 4084 460 4122 v.
482 4066 522 4125 68
542 4067 661 4121 iterum.
705 4062 755 4121 Sic
798 4061 889 4143 quod
909 4066 976 4123 iam
996 4064 1142 4126 tenebris
1163 4085 1198 4128 et
1211 4071 1291 4147 sola

264 4179 356 4225 tanto
369 4163 440 4246 post
455 4167 512 4224 Ge.
526 4162 580 4238 ΠΙ,
597 4163 670 4244 476.
697 4163 752 4222 Fa·
794 4165 950 4236 cadente,
970 4169 1035 4228 Sub
1049 4170 1155 4230 lucem
1169 4194 1288 4256 expor-
