2692 4914
173 269 174 273 ‘
267 308 342 390 256
597 305 955 386 rnoosuwn

265 491 495 574 huiusmodi
527 519 687 566 carmen
718 499 895 595 inprimis
926 526 1078 602 magna
1110 501 1199 573 laus
1226 500 1298 574 tu

266 624 399 697 benda
414 622 460 709 Ἰ.
521 621 569 690 In
593 623 640 690 iis
661 636 798 690 autem
825 621 989 722 Virgilii
1008 629 1213 725 ingenium
1237 634 1297 699 in-

258 751 398 851 primis
419 743 672 815 commendat
692 741 789 823 lioc,
832 748 944 844 quod
977 747 1133 844 consilio
1162 769 1201 823 et
1233 779 1298 822 ar·

260 885 450 975 gumento
477 869 664 938 carminis
691 893 741 938 ea
770 885 809 940 et
829 870 976 942 dilectu
997 889 1036 943 et
1056 891 1202 944 ornatu
1230 901 1297 946 ac-

264 992 522 1071 commodata
532 988 642 1086 sunt.
700 987 771 1086 Efl
794 996 932 1092 otique
953 998 996 1066 in
1017 1000 1065 1068 iis
1088 995 1296 1068 liberalior

262 1117 586 1196 ornamintorum
615 1119 806 1196 materia,
854 1123 1060 1218 maiorque
1083 1120 1294 1218 splendor,

256 1271 333 1349 pro
369 1237 505 1312 indole
542 1251 677 1306 tamen
712 1247 751 1308 e't
784 1257 934 1312 natura
971 1249 1157 1317 carminis
1162 1274 1177 1330 ;
1228 1272 1295 1316 ars

260 1389 417 1470 quoque
452 1359 623 1458 mirifica
657 1364 701 1430 in
731 1365 918 1433 iunctura
942 1365 1086 1437 liorum
1110 1368 1294 1439 locorum

260 1505 300 1565 et
321 1493 364 1560 in
385 1487 552 1558 transitu
571 1483 780 1583 redituque
799 1511 827 1556 a
848 1488 1081 1587 digreffione
1100 1493 1159 1562 od
1173 1519 1292 1590 prae-

260 1616 501 1713 ceptionem
524 1632 647 1706 porro
665 1611 708 1678 in
722 1615 998 1709 praecipiendi
1006 1614 1200 1708 formulis
1218 1619 1291 1684 mi·

259 1738 451 1839 rificatpue
478 1754 618 1802 earam
645 1737 864 1814 varietate,
908 1762 1032 1835 quarn
1060 1762 1213 1838 magna
1240 1764 1292 1809 ex

254 1878 374 1966 parte
393 1859 524 1932 Arato
554 1870 593 1923 et
612 1855 822 1928 Nicandro
853 1858 994 1932 debere
1019 1887 1110 1931 eum
1135 1859 1291 1933 videbi·

259 2011 363 2060 mus:
412 1979 578 2051 tandem
596 1980 640 2047 in
661 1977 883 2076 venustate,
911 1989 1176 2083 proprietate,
1224 2009 1288 2055 co·

254 2115 329 2212 pia
354 2105 546 2178 orationis
565 2114 605 2170 et
623 2101 819 2181 dictionis,
844 2089 987 2205 inqua
1001 2110 1288 2179 Lucretianum

137 2287 142 2297 .
172 2224 175 2228 ’
257 2255 419 2307 carmen
428 2234 530 2317 [ante
553 2221 687 2294 oculos
712 2223 874 2306 liabuit,
905 2226 986 2326 sed
1004 2231 1226 2302 emollitum
1248 2249 1286 2303 et

255 2352 476 2454 expolitum
502 2348 560 2417 ad
579 2363 794 2444 poetarum
815 2351 1187 2426 Alexandrinorum
1209 2357 1285 2426 ele·

252 2481 457 2584 gantiam:
484 2467 622 2569 quibus
642 2469 755 2542 rebus
772 2473 936 2570 efficitur
957 2475 1170 2550 delectatio
1193 2480 1282 2559 illa,

254 2627 377 2705 quarn
391 2612 516 2698 poeta
531 2591 610 2689 sibi
628 2592 774 2666 habere
794 2595 910 2671 debet
926 2598 1182 2698 propositam.

354 2828 486 2926 Atque
511 2821 612 2895 liaeo
637 2819 714 2890 illa
735 2819 857 2917 sunt,
902 2850 929 2894 a
951 2825 1089 2924 quibus
1116 2826 1282 2927 Virgilii

254 2955 361 3032 laus,
401 2947 489 3045 sta
511 2947 660 3016 iudicio
690 2944 826 3043 aliquo
854 2949 1040 3045 prosecta
1059 2953 1192 3022 uideri
1216 2953 1281 3024 da·

253 3079 336 3158 bet,
378 3074 555 3170 inprimis
576 3070 791 3166 repetenda
818 3068 882 3164 est.
942 3071 1013 3168 Est
1037 3079 1070 3144 is
1095 3080 1280 3173 proprius

251 3192 361 3296 quast
399 3194 616 3291 Virgiliani
649 3194 836 3262 carminis
866 3195 1095 3276 character,
1140 3214 1206 3278 vt,
1241 3195 1279 3292 ss

170 3353 171 3356 ¹
251 3320 455 3416 ingenium
493 3317 750 3387 Homericum
796 3318 850 3385 in·
880 3322 1126 3391 inueniendis
1166 3320 1279 3393 rebus

250 3437 458 3534 desideres,
502 3434 541 3531 fl
573 3436 846 3508 Theocriteam
874 3438 1194 3540 simplicitatem,
1240 3461 1278 3516 et

281 3618 306 3684 ’)
324 3617 502 3691 Reprehendis
523 3619 601 3672 etiam
624 3618 687 3681 hus,
715 3636 742 3674 et
783 3639 843 3675 vero
858 3623 977 3696 poeticae
996 3618 1038 3678 feu
1060 3626 1122 3679 mis
1139 3624 1181 3678 [eu
1197 3624 1276 3679 leien-

249 3707 372 3760 mnsitus
388 3706 422 3758 sd
436 3723 480 3759 ens
495 3720 627 3776 tamquam
648 3724 740 3776 parum
783 3708 834 3760 tiae
847 3708 962 3772 sensum,
994 3711 1021 3763 in
1040 3711 1092 3764 hoc
1114 3710 1225 3784 aliisque
1237 3713 1277 3763 iu·

249 3809 430 3865 opportunos,
452 3792 564 3844 Homius
587 3792 688 3863 (Effay
708 3791 746 3863 os
782 3789 856 3848 dicii·
886 3795 1030 3850 adhibuiffe
1059 3797 1169 3850 videtur.
1214 3798 1276 3849 Dis·

249 3877 586 3949 criticismcap.1extr.).
609 3873 662 3929 Sed
676 3895 740 3929 con·
780 3877 883 3947 putauit
912 3879 1033 3936 aduersus
1065 3900 1125 3936 eum
1149 3881 1276 3955 perdocte

247 3963 317 4018 fudit
335 3965 383 4015 vir
397 3963 436 4016 ΙΙΙ.
454 3981 547 4034 genera
566 3963 691 4015 orationis
713 3977 740 4014 et
780 3964 825 4015 Io.
842 3966 904 4017 loc.
925 3968 1060 4031 Neuker,
1098 3966 1170 4022 Prot.
1193 3967 1275 4039 Gym-

248 4049 392 4121 scriptionis
420 4049 488 4102 inter
514 4047 539 4100 ie
561 4045 737 4108 diuerfiffima,
780 4048 844 4101 nafii
857 4051 1054 4116 Thorunensu,
1081 4053 1110 4106 iu
1130 4054 1277 4107 Commen-

247 4138 440 4209 maioremque,
466 4151 546 4208 quam
566 4154 613 4206 pm
635 4133 737 4205 poetica
779 4136 879 4188 tatione
914 4135 950 4189 de
977 4140 1183 4210 Georgicorum
1213 4144 1276 4196 Vir-

246 4221 363 4282 mione‚
412 4219 592 4280 subtilitatem,
634 4217 737 4272 nullum
777 4221 845 4291 gilii
862 4222 960 4278 lucido
982 4225 1092 4278 ordine.
