2692 4914
231 321 320 422 ²⁷4
391 286 394 291 ’
436 308 482 387 Ρ.
507 311 756 388 viao1n11
787 310 1047 387 minoms

232 505 358 559 mmtno,
378 497 484 552 Waltef.
499 500 540 555 An
554 498 598 552 dit
611 495 710 551 mundi
725 495 793 547 hena
806 494 934 558 dicantur.
955 495 1051 549 neseio.
1088 497 1138 564 qui
1161 491 1271 546 duellia

232 584 311 638 Pierii
324 582 477 655 oblongus,
498 583 588 656 fragm.
606 581 704 637 Moreti
723 596 749 634 et
763 581 873 636 Mantel.
887 599 901 633 a
916 600 952 633 m.
968 600 1023 654 pr..
1048 576 1094 634 led
1108 576 1269 632 confirmant
1339 584 1342 588 '

234 679 308 741 quae
330 670 468 742 Apuleius,
493 670 609 732 Probat.
636 665 755 723 Macrob.
791 666 844 722 vid.
867 665 956 720 Heius.

236 825 341 894 tione,
369 822 456 905 quod
472 825 569 894 iuuet,
599 836 632 882 et
646 817 731 903 quod
773 820 835 879 Sat.
850 819 877 887 1,
896 819 943 882 18.
990 817 1074 877 Num
1096 838 1171 878 vero
1196 818 1272 881 doc·

234 925 371 1006 prema-tl
427 924 459 981 Si
498 921 613 983 diuersa
647 921 731 993 sunt,
773 926 873 982 trinae
912 923 1021 999 copia,
1076 940 1115 979 an
1155 938 1271 1000 poetae

238 1027 284 1087 ita
319 1041 350 1085 vt
383 1027 526 1096 lumina,
569 1022 733 1083 labantem
774 1026 877 1107 graeci
895 1027 1086 1095 imitatione,
1113 1020 1192 1082 haec
1213 1045 1274 1103 po·

241 1127 334 1186 caelo
355 1149 441 1209 quae
460 1125 580 1185 ducitis
597 1146 733 1199 anniam,
774 1125 883 1198 suerit,
918 1145 985 1187 non
1021 1124 1164 1184 definiam
1201 1146 1274 1183 cum

238 1225 300 1290 iim
320 1229 373 1288 Sol
386 1244 418 1289 et
429 1230 534 1299 Luna,
561 1244 654 1310 vtqua
669 1225 736 1287 lnb-
775 1225 934 1308 Euangelo
949 1227 1030 1308 apud
1037 1224 1177 1286 Macrob.
1186 1225 1210 1298 1,
1221 1234 1275 1303 ²4·

239 1332 417 1410 iungantur,
439 1345 593 1412 tamquam
609 1327 735 1400 diuersa,
776 1327 991 1409 Interpretatio
1013 1327 1089 1389 haec
1107 1331 1276 1387 numinum

239 1429 341 1490 ‘Liber
373 1447 406 1493 et
435 1432 549 1499 Ceras:
592 1431 667 1491 dura
695 1426 737 1489 est
777 1434 811 1491 in
848 1429 980 1493 diuersos
1018 1429 1118 1490 sensus
1158 1446 1277 1510 poetae

241 1536 361 1608 oratio,
406 1533 491 1616 quod
526 1533 610 1594 nulla
643 1535 738 1592 intan-
779 1546 877 1594 aetate
913 1535 974 1590 iani
1009 1531 1176 1592 admodum
1213 1533 1278 1592 fre.

134 1686 144 1710 ,
241 1631 342 1716 posita
358 1631 402 1696 est
416 1635 537 1716 copula.
580 1629 643 1695 Nifi
657 1631 739 1693 forta
779 1633 995 1719 quentabatur,
1029 1638 1141 1715 partim
1164 1655 1182 1694 e
1205 1633 1279 1713 phi·

242 1731 284 1797 ne
325 1741 425 1800 oratio
469 1739 647 1798 continuata
686 1731 738 1794 fita
778 1733 976 1822 Iosophomm
1006 1735 1277 1816 disputationibus,

242 1837 326 1911 *Van
356 1861 376 1899 ο
395 1839 521 1899 Ιιιηιίιια
533 1871 586 1911 -,
608 1839 654 1915 (et
672 1837 739 1914 vos)
780 1852 813 1898 vt
845 1837 929 1920 vulgi
964 1837 1129 1919 religiones
1168 1859 1279 1897 emen-

241 1939 344 1999 'Liber
362 1955 397 2000 et
412 1941 503 2002 alma
517 1940 629 2009 Ceres,
644 1971 687 1984 -
707 1951 740 1995 et
781 1938 899 2010 darent,
926 1943 1037 2019 partim
1059 1960 1096 1998 ex
1113 1940 1280 2002 teletarum

243 2061 305 2102 vos
351 2043 459 2104 Fauni
521 2039 739 2121 Dryadasque
781 2043 920 2102 doctrina
941 2060 1068 2113 arcana,
1103 2048 1217 2122 partim
1240 2065 1279 2105 ex

236 2141 334 2224 ferte
354 2143 491 2226 pedam,
524 2139 635 2205 adeste.
691 2140 738 2202 Ita
781 2146 1011 2225 comparatione
1039 2143 1227 2224 religionum
1259 2167 1279 2206 a

245 2250 417 2308 eommunis
446 2244 530 2316 asna,
578 2265 672 2327 quem
693 2258 738 2302 te·
779 2244 914 2328 panibus
939 2260 1153 2325 acceptarum,
1195 2268 1280 2328 quaa

243 2365 322 2409 nere
344 2347 388 2406 faa
409 2343 452 2408 est
474 2360 612 2428 poetam,
641 2346 742 2408 sema·
781 2351 816 2408 in
831 2366 954 2429 quaque
972 2347 1037 2406 fere
1060 2346 1146 2415 vrbe,
1175 2363 1279 2410 tractu

246 2464 308 2514 aur.
350 2450 451 2509 Etiam
473 2447 556 2529 apud
568 2449 742 2508 Varronem
784 2470 819 2509 ao
852 2450 971 2529 populo
1011 2448 1145 2510 diuersos
1185 2455 1280 2524 mus,

244 2549 313 2613 ΒΗ.
339 2552 371 2624 1,
403 2572 435 2622 1,
466 2552 486 2613 5
522 2553 557 2613 in
587 2550 648 2611 XII
684 2549 742 2608 diia
784 2554 948 2650 opiniones
976 2565 1007 2610 at
1035 2549 1158 2635 mythos
1183 2551 1281 2613 sacra.

245 2648 361 2716 rusticis
379 2649 431 2713 ista
453 2656 581 2715 numina
603 2655 685 2712 inter
712 2650 742 2711 se
784 2667 879 2714 verat.
926 2652 964 2713 ln
985 2654 1069 2713 nulla
1092 2670 1196 2719 autem
1216 2676 1282 2716 ma-

132 2764 140 2783 *
245 2751 481 2837 distinguuntin.
534 2755 632 2835 Quod
654 2750 677 2814 fi
699 2757 743 2814 ita
785 2757 845 2837 gia,
881 2774 916 2813 ac
933 2760 1096 2830 maturius,
1131 2779 1227 2840 quam
1248 2763 1282 2822 in

245 2856 309 2917 ‘Sol
329 2871 360 2918 et
375 2858 471 2917 Luna
488 2856 587 2936 farre
610 2854 742 2935 pedem,
783 2853 930 2917 Bacchica
960 2858 1110 2940 religione
1141 2857 1282 2920 confusio

248 2958 393 3019 dicuntur
420 2980 530 3042 pamm
566 2956 740 3028 commode,
783 2958 837 3019 illa
864 2963 1025 3021 numinum
1055 2976 1088 3021 et
1117 2959 1283 3024 attributo·

187 3099 191 3106 ·
247 3061 398 3141 generalis
421 3066 510 3122 notio
525 3058 675 3121 elicienda
689 3055 741 3129 est,
783 3057 852 3122 mm
871 3066 1030 3144 regnauit:
1056 3062 1143 3143 quod
1165 3063 1283 3124 docent

247 3161 362 3233 fauete,
377 3158 437 3222 san
451 3165 601 3241 propitii..
631 3164 686 3222 Sin
700 3161 743 3220 ala
785 3162 834 3223 vel
848 3161 934 3223 chori
948 3168 981 3225 in
995 3162 1282 3246 Racehnliuripidn

248 3276 350 3327 terum
377 3261 462 3346 sequi
488 3264 606 3344 placet,
656 3261 742 3345 quod
785 3279 837 3323 aut
860 3262 969 3327 chorus
991 3270 1026 3327 in
1038 3263 1202 3346 Sophoclis
1219 3269 1283 3327 An·

135 3405 142 3423 i
248 3363 312 3444 ipsa
330 3363 442 3444 probo,
461 3379 494 3423 vt
512 3363 570 3423 Sol
587 3379 621 3422 et
635 3364 744 3430 Latmo,
786 3369 903 3447 tigone,
930 3367 1074 3450 nnaiq.
1097 3363 1283 3448 Πολυῶνυμε

248 3483 322 3523 mox
328 3464 546 3544 perLibernm
553 3480 586 3524 et
595 3465 745 3525 Ceteram
784 3466 987 3544 Καδμείας-
999 3470 1147 3532 Getarum
1162 3491 1223 3550 pro
1238 3471 1284 3530 di.

250 3565 460 3629 declarentur:
506 3582 634 3651 poetam
663 3566 694 3630 h.
722 3567 744 3628 l.
786 3567 875 3632 versis
894 3571 1030 3632 culturae
1051 3570 1216 3655 generibus
1238 3574 1284 3631 di·

248 3667 491 3749 philosophicam
563 3671 746 3747 opinionem
787 3669 869 3730 versa
895 3677 1023 3737 numina
1051 3677 1200 3734 inuocare
1227 3694 1286 3753 pu·

251 3789 370 3844 eorum,
392 3775 445 3854 qni
459 3770 562 3832 Solem
578 3785 610 3831 et
624 3771 746 3832 Lunam
788 3771 898 3833 tanaus
914 3771 966 3839 est.
1006 3774 1055 3837 ad
1069 3772 1124 3836 lib.
1139 3776 1155 3838 I
1170 3776 1286 3858 spectat,

250 3868 305 3930 sub
333 3871 436 3932 Liberi
465 3887 497 3935 et
523 3872 654 3933 Liberae
688 3892 747 3935 no·
790 3862 900 3952 eere‘s3
942 3877 981 3936 ad
1002 3876 1054 3939 lib.
1076 3877 1107 3940 11
1128 3876 1283 3948 Bacchus,

251 3975 335 4031 mine
388 3973 447 4034 coli
503 3975 744 4047 contenderant,
786 3977 884 4037 Fauni
905 3992 937 4036 et
956 3979 1120 4063 Nymphae
1143 4001 1213 4043 cnm
1228 3980 1288 4039 Sil·

250 4091 318 4131 non
346 4074 528 4154 popularem
557 4075 662 4160 sequi,
701 4077 747 4136 di·
788 4099 881 4157 vano,
909 4080 1050 4146 Minerua
1069 4097 1173 4145 autem
1190 4104 1289 4165 prop·

252 4173 386 4236 cendum
426 4171 489 4259 est3
540 4199 570 4241 v.
608 4178 746 4243 macrob.
788 4195 837 4243 ter
876 4183 964 4249 oleaa
1010 4186 1188 4268 culturam3
1247 4183 1290 4246 ad
