2692 4914
45 410 48 417 ἱ
151 321 225 409 436
361 318 405 390 Ρ.
427 313 675 391 VIRGILII
707 307 975 383 MARONIS

151 505 255 609 Quid
277 503 345 576 tibi
369 503 526 578 odorato
554 496 712 573 referam
733 494 901 571 sudantia
921 493 1033 592 ligno

152 640 406 739 Ballamaque,
436 655 474 709 et
487 635 618 708 baccas
633 630 774 733 semper
788 628 1004 704 frondentis
1020 628 1186 703 acanthi?

154 774 259 872 Quid
272 797 426 846 nemora
439 769 674 866 Aethiopum,
690 763 795 837 molli
807 767 984 836 canentia
996 761 1112 839 lana?
1127 789 1186 838 mo

226 944 274 994 118
290 938 367 1008 Quid
385 953 412 988 et
434 957 459 988 o.
481 934 522 987 ed.
547 934 615 984 Ven.
693 947 741 1000 ¹¹9
757 931 843 982 bocas
863 928 918 981 elii.
961 929 1104 1003 Balfama
1126 930 1186 1003 quil

156 1027 260 1080 baccas
279 1043 343 1077 vnus
362 1021 470 1081 Meed.;
507 1019 597 1072 ulit:
628 1014 784 1086 Balsama?
822 1013 909 1090 quid,
938 1015 1060 1070 tuccas.
1111 1019 1187 1087 logn-

156 1129 213 1167 tum
236 1128 321 1161 rauten
347 1106 396 1165 fic,
431 1104 504 1176 quod
532 1120 570 1156 ter
593 1102 661 1157 redit
682 1101 766 1173 Quid·
817 1120 871 1173 que
897 1099 974 1156 abest
997 1119 1016 1157 ι
1044 1102 1184 1174 Ctunbng.

159 1215 208 1250 120
229 1196 359 1245 ulbantia
379 1189 453 1242 Leid.
481 1209 554 1245 vnue.

155 1334 227 1403 lim,
251 1325 492 1409 de'Aethiopia,
513 1334 562 1387 cui
578 1328 651 1388 ebe·
692 1325 846 1403 balsamo.
922 1326 989 1386 Pro
1035 1326 1183 1388 arboribus

155 1453 214 1496 nus
243 1435 369 1511 propria
401 1431 503 1491 orbor.
565 1432 651 1490 Solet
693 1429 767 1488 dixit
799 1428 899 1502 ligna.
972 1428 1063 1489 Alias
1103 1430 1184 1508 exso·

156 1539 240 1596 enim
257 1534 345 1593 ludia
361 1531 498 1594 latissime
518 1534 595 1605 dici,
617 1547 651 1593 vt
692 1528 769 1601 dat,
808 1526 971 1603 desudat,
1014 1531 1184 1595 balsamum.

154 1635 365 1701 sturnorum.
399 1636 437 1695 cl.
458 1636 512 1696 inl.
534 1636 649 1715 Georg.
698 1651 765 1709 ¹¹9·
802 1618 981 1691 Acanthus
1012 1631 1047 1693 h.
1076 1635 1097 1694 l.
1126 1654 1183 1695 non

154 1738 201 1800 IV
209 1781 218 1808 ,
246 1740 307 1817 293
356 1737 462 1821 ibique
483 1739 648 1796 Burmann.
692 1730 806 1792 herbae
819 1734 864 1808 (vt
873 1733 938 1794 Ecl.
952 1734 1009 1806 Ill,
1025 1739 1071 1813 45
1085 1753 1116 1796 et
1129 1737 1183 1815 el),

154 1842 290 1902 Doctum
307 1840 346 1899 od
362 1838 391 1899 h.
413 1862 441 1902 v.
463 1856 569 1900 notam
590 1835 649 1897 elle
691 1833 743 1894 lod
763 1833 888 1905 arboris,
918 1855 1038 1916 genus,
1068 1860 1127 1899 uec
1145 1855 1184 1901 te·

156 1943 250 2002 video
266 1940 370 2004 Voffii.
414 1945 591 2023 Sequuntur
607 1955 650 1998 te·
692 1957 765 1997 meu
786 1935 853 1995 letis
873 1953 1062 2014 comperto,
1099 1941 1183 2001 habe·

156 2065 232 2106 meu
255 2064 327 2103 mox
349 2042 388 2102 vs.
413 2066 472 2104 120
513 2061 650 2100 nemora
693 2055 749 2102 tur.
792 2039 888 2118 Spina
907 2036 953 2100 est
972 2039 1026 2101 seu
1041 2044 1182 2126 Aegyptia

154 2144 368 2223 Aethiopum.
424 2146 486 2205 Tus
509 2144 650 2202 Sabaeo-
691 2141 744 2203 seu
760 2138 904 2212 Arabica,
924 2161 1001 2201 nom
1022 2160 1057 2206 et
1074 2144 1182 2207 heein.

157 2267 229 2306 rum
246 2251 306 2304 iem
321 2246 436 2324 Georg.
451 2246 482 2315 1,
498 2233 547 2322 57.
692 2258 739 2304 ter
759 2226 788 2302 le
808 2240 963 2312 diuersae:
994 2254 1180 2309 communius

224 2347 292 2406 i18.
326 2346 579 2423 Opobalsamnm
601 2348 651 2406 lu·
691 2343 855 2410 acanelta,
903 2345 1034 2428 vulgare
1068 2370 1180 2413 nomen

156 2448 263 2514 daeae,
285 2447 370 2506 vellis
393 2453 531 2528 inprimis
551 2450 650 2509 Hieri·
690 2449 824 2514 acacia,
849 2445 932 2505 vnde
947 2456 1071 2530 gummi
1085 2454 1179 2516 Arabi.

156 2548 339 2620 chuntinue,
360 2565 392 2609 et
405 2550 545 2610 Arabiae.
568 2550 649 2609 conf.
693 2571 762 2609 cum
784 2548 885 2628 colligi
907 2546 996 2610 solet.
1032 2574 1063 2613 v.
1086 2557 1178 2637 Alpin.

154 2668 279 2734 praeter
293 2651 431 2712 laudatos
446 2673 463 2712 e
480 2652 595 2723 Cerdo,
618 2668 650 2713 et
693 2673 717 2713 c.
734 2651 880 2729 Wesling.
898 2670 930 2728 p.
954 2655 1026 2730 164.
1058 2657 1178 2721 Bouhin.

153 2753 375 2826 Paulini&
418 2755 469 2813 De
483 2753 543 2833 ipsa
559 2754 649 2833 stirpe
692 2749 756 2810 hist.
780 2751 877 2814 Plant.
904 2752 998 2815 Tom.
1019 2756 1055 2830 l,
1088 2764 1121 2821 P.
1139 2762 1177 2834 Π,

153 2859 307 2938 disputata
333 2877 360 2914 v.
390 2877 409 2916 a
430 2857 579 2937 Wesling.
611 2857 649 2916 ad
690 2875 759 2935 pag.
795 2856 859 2932 426
882 2851 945 2936 sqq.
1004 2858 1045 2918 de
1090 2865 1177 2928 plat,

154 2960 260 3039 Alpini
282 2956 346 3018 hili
367 2975 430 3019 net.
445 2962 596 3041 Aegypti,
619 2974 650 3018 et
690 2959 818 3039 Aegypt.
832 2975 916 3016 nuuc
936 2960 1081 3038 mimosa
1105 2967 1178 3026 uilo-

153 3064 188 3120 in
210 3078 285 3121 nota
308 3061 359 3120 illa
381 3058 586 3122 controuersia
610 3060 649 3121 de
691 3061 758 3119 tica
776 3059 867 3120 Linn.
924 3059 1032 3123 Habet
1062 3070 1177 3150 quidem

152 3161 352 3238 opobalsamo
374 3164 518 3223 orientali
530 3165 649 3222 Romae
691 3181 728 3220 ee
749 3159 840 3221 arbor
860 3157 994 3243 filiquus,
1021 3186 1090 3230 non
1112 3171 1177 3231 hoo.

152 3264 649 3340 or101639.16401iberPetri
690 3282 770 3328 car:
820 3261 871 3322 led
910 3262 1004 3328 bucce
1043 3271 1175 3335 latiorem

152 3359 299 3434 Castelli,
340 3362 510 3425 Ballanmm
537 3371 648 3425 ommi·
688 3361 885 3444 fignificaturn
903 3363 1008 3434 habet.
1059 3376 1178 3437 Amori,

150 3476 259 3522 uotum
278 3459 456 3535 (Mellnnae
477 3469 585 3543 1640),
616 3484 647 3526 et
689 3462 776 3523 huius
791 3463 856 3524 vsus
872 3471 965 3526 etiarn
985 3476 1022 3533 in
1041 3473 1176 3559 sculptili-

148 3566 195 3621 Ιο.
216 3561 335 3640 Georg.
360 3565 538 3623 Vollamer
559 3571 646 3646 Opo-
688 3565 743 3625 bus
757 3567 824 3629 luit.
861 3568 996 3635 Caesaris
1012 3580 1174 3662 triumphat

148 3661 273 3726 balsami
316 3668 472 3727 orientalis
516 3691 646 3732 examen
687 3669 832 3729 Ponticus
844 3689 1029 3750 apparatum
1043 3703 1080 3740 ex
1094 3705 1174 3744 acan-

145 3767 251 3840 «1644,
300 3770 335 3827 in
362 3769 472 3851 quibus
500 3771 539 3830 od
565 3770 595 3831 h.
622 3773 644 3835 l.
687 3768 878 3833 thohebuit:
901 3774 1013 3841 Vellei.
1028 3782 1173 3856 11,56,2.

146 3863 255 3948 pellun
285 3887 481 3946 prouocatur.
539 3873 643 3934 Verbo
684 3871 735 3930 De
765 3873 906 3953 agrifolio
939 3887 1080 3962 cogitare
1115 3905 1174 3951 noo

146 3967 210 4048 ipsu
232 3970 349 4053 vulgari
372 3977 512 4032 oratione
531 3971 571 4034 fic
598 3975 642 4032 ef·
684 3973 772 4042 licen
800 3975 966 4038 laudantur
986 3990 1073 4049 enim
1094 3989 1174 4076 plm-

143 4069 315 4140 ferrenturz
343 4091 383 4131 ne
399 4095 568 4133 memorem
589 4097 641 4133 ar.
683 4093 732 4139 tue
758 4082 952 4159 peregrinae.

145 4169 241 4230 bores
285 4170 442 4236 odoratas
474 4174 640 4254 sirdames
728 4180 1175 4260 120.Plin.X1X,r,t'.2u.3
