2692 4914
157 333 201 408 14
335 320 413 396 DE
446 319 703 396 CARMINE
724 318 1037 396 BVCOLIGO

150 513 243 614 pius
275 509 509 581 admoueret
546 505 791 588 bucolicum,
844 533 935 579 cum
974 531 1025 579 ex
1060 500 1197 603 prisco

157 639 321 710 heroum
335 641 425 708 vita
434 633 571 733 sensus
587 652 625 706 et
634 633 855 730 sententias
873 634 1021 732 inferre
1037 631 1175 703 liceret
1180 657 1195 713 ‚-

158 768 205 839 id
231 767 341 866 quod
366 768 527 836 omnino
556 789 638 833 non
665 761 787 834 modo
818 762 878 835 ad
906 758 1196 856 excusandum,

160 917 300 968 verum
331 907 370 964 et
395 889 669 992 probandum,
715 892 899 962 Maronis
923 888 1119 989 spiritum
1155 887 1198 954 in

162 1020 342 1094 bucolico
363 1044 507 1121 genere
526 1015 648 1089 valet.
700 1018 834 1089 Licuit
852 1043 934 1088 non
956 1020 1087 1088 minus
1107 1015 1197 1084 Ma-

161 1155 253 1223 roni
290 1151 336 1220 id
362 1149 527 1244 facere,
569 1168 693 1244 quam
735 1145 943 1217 Theocrito
986 1142 1201 1241 Cyclopem

163 1276 355 1375 idyllium
368 1272 543 1372 scribere
548 1301 564 1357 ;
595 1288 635 1343 et
657 1271 963 1371 antiquioribus,
990 1265 1081 1370 post
1103 1269 1202 1339 Tra-

162 1405 356 1506 goediam
393 1418 432 1473 et
474 1401 738 1475 Comoediam
778 1403 939 1484 Drama
979 1397 1204 1494 Satyricum

166 1531 356 1609 condere,
395 1529 506 1628 quod
537 1527 838 1626 quodammodo
873 1527 1102 1626 comparari
1132 1548 1204 1620 po·

63 1709 67 1720 ›
165 1655 248 1756 test.
305 1658 436 1731 Aliud
463 1680 586 1755 porro
615 1659 802 1727 carminis
822 1652 1044 1755 pastoricii,
1081 1651 1203 1722 modo

168 1803 328 1858 tantum
347 1789 525 1862 variato,
549 1806 674 1884 genus
693 1778 747 1877 est
766 1783 855 1862 hoc,
881 1801 929 1873 vt,
957 1781 1006 1853 ad
1024 1783 1204 1852 maiorem

169 1918 379 1987 animorum
407 1911 653 2010 voluptatem,
688 1933 785 2000 rem,
816 1907 957 1985 factum
989 1926 1057 1981 aut
1082 1903 1205 1982 casum

169 2037 379 2112 nostrorum
403 2038 609 2128 hominum,
646 2035 856 2112 nostrorum
880 2057 1106 2138 temporum,
1145 2057 1205 2107 co·

169 2166 311 2239 loribus
338 2185 376 2241 et
400 2171 598 2266 pigmentis
626 2170 745 2239 avita
773 2163 960 2264 pastoritia
988 2167 1117 2266 petitis
1149 2185 1207 2233 or·

172 2317 322 2379 nemus,
370 2310 409 2366 et
443 2321 526 2366 non
562 2296 683 2365 modo
715 2295 774 2364 ad
796 2291 973 2390 fabulae
1001 2288 1208 2365 bucolicae

172 2420 342 2490 modum
359 2436 583 2500 tractemus,
599 2421 819 2518 sedetiam
839 2424 883 2491 in
892 2418 1089 2518 fabulam
1107 2423 1208 2490 inter

169 2543 349 2647 pastores
370 2544 523 2646 ἔφη
540 2566 822 2620 commutemus
826 2577 841 2635 ,·
870 2549 1072 2621 interdum
1085 2550 1208 2618 etiam

174 2695 260 2742 rem
294 2673 353 2753 in?
374 2679 631 2773 antiquorum
666 2675 830 2747 illorum
866 2692 1089 2769 temporum
1116 2672 1211 2769 sim·

170 2796 358 2899 plicitate
382 2815 421 2870 et
442 2799 662 2898 securitate
689 2807 761 2903 agi
786 2819 859 2873 aut
890 2809 1050 2876 euenire
1070 2802 1210 2904 finga-

176 2949 273 2998 mus.
330 2926 450 3001 Cuius
470 2935 643 3028 generis,
679 2931 790 3029 quod
812 2934 948 3028 priore
972 2931 1046 3004 illo
1077 2929 1210 3002 multis

178 3056 310 3127 modis
334 3054 499 3151 inferius
517 3055 747 3129 habendum
769 3053 841 3153 eft,
875 3084 948 3129 nec
974 3075 1113 3131 tamen
1129 3058 1210 3155 sua

179 3182 323 3260 laude,
352 3181 437 3279 sua
460 3189 601 3283 gratia
625 3210 676 3256 ac
688 3184 918 3283 suauitate,
957 3203 1088 3265 caret,
1123 3185 1211 3257 reli·

177 3306 392 3404 quaesere
419 3309 582 3410 Virgilii
592 3312 692 3409 sunt
716 3311 890 3414 eclogae.
946 3311 1055 3414 Quid
1076 3315 1212 3385 enim?

178 3436 299 3531 prima
320 3449 360 3503 et
381 3459 483 3508 nona
507 3465 561 3509 an
580 3444 795 3539 quicquam
815 3442 944 3521 aliud,
974 3465 1101 3541 quam
1119 3420 1229 3541 poc·¹

180 3576 250 3631 tae
283 3559 419 3657 casum
447 3581 486 3634 et
512 3568 833 3639 Mantuanorum
858 3568 1095 3665 fortunam,
1129 3584 1214 3648 aut,

171 3685 312 3783 felioc
342 3695 471 3790 magis
490 3693 646 3792 placet,
678 3693 840 3790 istorum
869 3713 972 3769 certo
993 3712 1218 3796 temporum

185 3815 459 3889 calamitatem
482 3825 720 3911 enarrat?*)
773 3824 935 3898 Decima
962 3823 1077 3897 Galli
1106 3851 1217 3896 amo·

183 3967 262 4022 res,
288 3941 367 4039 sub
390 3943 587 4043 pastorali
606 3949 780 4048 fabula,
822 3955 994 4052 exponit.
1072 3955 1218 4048 Quarta

218 4153 242 4217 ⁴)
261 4149 326 4206 Non
343 4170 451 4226 potuere
470 4157 609 4212 Maronem
624 4160 678 4215 Vt·
721 4158 827 4233 quidem
863 4158 908 4215 ille
937 4160 1048 4216 ssmilem
1079 4159 1215 4214 fortunam

184 4236 240 4293 lerii
270 4240 379 4295 Catonis
406 4243 488 4298 Dirae
513 4245 617 4318 fugere,
657 4244 679 4304 fi
720 4245 828 4301 Sullana
839 4244 1030 4320 proscriptione
1052 4262 1175 4318 exponat
1191 4260 1216 4300 κ
