2700 4906
97 372 103 385 .
149 333 237 399 xrv
270 299 517 392 PRAEF.
543 298 739 392 TERT.
765 299 1126 395 EDITIONIS

152 503 278 595 tione
297 495 545 608 firmatum,
593 515 639 586 et
665 494 834 587 affiduo
863 495 987 590 cultu
1019 492 1185 621 vsuque

153 659 423 787 expolitum,
456 686 596 780 quam
617 660 828 751 notiones
848 655 1026 752 subtiles
1050 681 1096 752 et
1116 688 1186 749 ar-

152 824 298 954 gutias
337 819 615 933 dialecticae
665 817 742 909 etfi
778 852 863 946 per
894 817 936 912 le
962 852 1047 914 nec
1071 815 1186 947 ipsas

156 981 354 1075 inutiles.
397 983 674 1111 Argumenta
690 1000 735 1069 et
748 981 1004 1074 notationes
1019 982 1187 1073 horum

157 1164 531 1239 ornamentorum
567 1138 784 1234 subiectas
830 1139 1003 1235 videbis
1045 1141 1185 1236 Volu=

155 1307 280 1398 mine
303 1300 434 1396 sexto.
482 1305 668 1396 Reiecta
690 1333 875 1427 quoque
894 1299 994 1397 sunt
1020 1307 1069 1396 in
1096 1304 1184 1396 har

141 1464 356 1559 editione
370 1496 438 1581 ea,
464 1495 581 1590 qnae
595 1464 655 1555 ad
670 1463 966 1557 litteraturam
979 1466 1186 1597 Virgilia-

154 1660 266 1723 nam
292 1649 338 1720 et
358 1625 418 1718 ad
434 1629 589 1721 Vitam
608 1624 784 1756 Virgilii
801 1622 1080 1751 spectabant,
1131 1659 1171 1719 e>

156 1791 310 1918 primo
325 1786 569 1882 Volumine
589 1788 639 1879 in
662 1788 891 1913 quintum3
918 1811 967 1884 vt
987 1822 1047 1882 ne
1063 1787 1187 1884 alind

155 1950 373 2047 volumen
420 1947 542 2039 mole
583 1949 718 2041 nimis
765 1981 931 2081 magna
978 1973 1187 2081 tingeret,

156 2110 282 2201 aliud
311 2107 467 2200 exilius
491 2105 803 2238 gracilesceret.

238 2274 426 2394 Iamque
448 2299 523 2384 ea,
557 2302 674 2394 quae
687 2274 819 2362 Maro
846 2294 925 2366 aut
952 2297 1187 2401 expectare
1214 2335 1217 2340 -

158 2453 238 2523 aut
277 2429 512 2523 admittere
543 2433 709 2558 potest,
762 2465 886 2527 noua
922 2461 1187 2532 onramenta

157 2591 365 2716 relinquo
389 2589 664 2685 felicioribus
689 2591 763 2685 seu
784 2597 974 2727 ingeniis
1001 2594 1075 2691 seu
1098 2599 1187 2689 stu·

156 2752 265 2867 diis,
287 2750 452 2879 hicque
473 2750 664 2849 subfisto.
727 2759 802 2848 Tu
823 2781 993 2875 autem,
1031 2758 1186 2851 diuina
1223 2812 1225 2817 ·

155 2917 313 3028 Maro,

156 3122 213 3143 ··-
247 3097 504 3168 extremum
573 3076 666 3169 hoc
739 3113 910 3171 munus
983 3080 1176 3174 habeta

155 3237 249 3329 Ser.
330 3239 574 3368 Gottingae
656 3241 912 3368 Septembri
996 3265 1185 3337 exeunte

159 3431 460 3519 aoraccxerx.

504 3703 821 3742 -dm-
