2692 4914
148 332 218 410 144
353 325 396 399 P.
417 314 668 399 VIRGILII
700 317 959 395 MARONIS

51 595 60 604 ,
144 514 193 585 Et
214 516 335 610 grauis
363 510 497 584 adtrita
525 506 713 608 pendebat
737 506 934 581 cantharus
957 505 1024 579 aas
1043 561 1053 579 .

34 656 35 659 ’
145 645 330 746 Adgreffi,
373 671 460 754 nam
483 641 589 743 saepe
612 640 721 718 senex
740 638 801 740 spe
822 646 993 715 carminis
1017 640 1132 714 ambo

147 848 228 905 poeta
247 836 402 906 profectum.
439 832 522 904 Quod
540 849 611 884 nunc
629 831 771 892 habemus,
794 832 1019 902 proculianum
1036 840 1126 902 capiti
1141 830 1182 891 d..

148 918 190 970 vix
211 918 288 984 hebet
309 919 445 992 quomodo
473 919 532 973 inii·
551 919 619 970 bono
637 916 728 988 iungas
761 916 828 980 (vid.
848 917 950 980 Non),
981 932 1027 968 aut
1049 919 1182 989 expedias.

148 1002 256 1056 Poterat
280 1021 366 1058 tamen
386 1021 440 1058 tum
461 1004 538 1060 facile
558 1001 695 1070 epitheton
714 1000 828 1055 substitui
842 1016 868 1053 et
882 1003 980 1073 apponi
995 1009 1097 1070 capiti,
1120 1020 1143 1053 v.
1158 1021 1183 1055 c.

149 1089 286 1151 madido,
305 1091 428 1151 carnide,
445 1088 535 1162 feffo.
575 1085 664 1139 Potest
681 1089 785 1159 qaoque
806 1086 834 1138 in
855 1089 939 1156 capite
958 1085 1040 1138 versus
1058 1105 1122 1138 mox
1141 1106 1185 1141 ex·

150 1172 240 1226 cidisse
261 1174 341 1229 videri
366 1179 448 1228 Vieea
459 1175 543 1243 serta
562 1173 665 1244 procul
683 1180 771 1242 capiti
789 1171 921 1240 delapsa,
950 1171 1017 1223 male
1038 1187 1065 1223 et
1084 1173 1184 1245 impot-

151 1273 217 1312 tuno
239 1258 300 1312 loco
324 1259 448 1330 suppleta.
485 1257 603 1312 Omnino
619 1258 721 1310 ieiunus
735 1255 772 1311 est
786 1256 884 1317 versus,
904 1273 930 1309 et
948 1257 1130 1327 multomagis
1150 1268 1184 1316 τὸ

150 1346 285 1396 iacebant
302 1343 361 1416 post
381 1342 571 1410 v.,14vtdere
592 1350 739 1394 iacentem.
774 1343 892 1403 Tacent,
912 1343 1000 1416 quiin
1020 1340 1076 1392 aliis
1095 1341 1185 1395 diserti

150 1426 219 1483 suot.
254 1416 313 1484 Nec
332 1427 439 1482 Wakes.
460 1428 600 1500 quicquam
620 1442 713 1479 monet
730 1443 776 1483 aut
794 1443 893 1482 mouet.
977 1445 1007 1495 ¹7
1022 1430 1065 1483 At
1084 1437 1186 1498 grauis

149 1513 248 1568 Moron
269 1529 385 1586 quanua.
415 1560 417 1569 ,
460 1513 610 1577 18amb05
641 1512 677 1568 itt
697 1512 776 1570 Pierii
790 1527 816 1568 et
829 1509 917 1580 Heius.
939 1511 1059 1566 meliorea
1080 1527 1106 1565 et
1126 1512 1186 1589 plu·

152 1616 210 1660 ηις
241 1597 285 1651 alii
308 1600 412 1652 ambos.
430 1615 455 1650 v.
470 1595 559 1652 Heins.

151 1752 455 1840 'tantnmquomodo
467 1751 548 1813 bene
563 1754 649 1834 iungi
690 1749 799 1832 lapsa,
821 1771 922 1832 prope
937 1765 1037 1830 caput.
1072 1750 1187 1811 Exem-

151 1852 255 1938 poisit,
271 1855 372 1914 video.
402 1855 519 1916 Graece
534 1853 649 1912 dictum
688 1855 741 1934 pla
756 1852 821 1912 vsus
836 1852 924 1916 huius
944 1859 977 1912 in
988 1851 1111 1933 procul
1122 1853 1188 1913 col·

152 1956 253 2016 Faber
275 1960 402 2036 accipit;
444 1955 510 2015 satis
535 1955 648 2036 longe3
689 1956 764 2038 legit
779 1956 914 2015 Ouwens
936 1956 1026 2014 Noct.
1049 1954 1129 2035 Heg.
1152 1977 1186 2034 p.

152 2075 215 2117 nec
231 2074 335 2117 tamen
354 2055 497 2127 declarat,
517 2075 649 2136 quomo·
689 2060 763 2136 415.
805 2058 851 2117 Ita
869 2058 992 2116 Seruius
1014 2055 1188 2137 accipiebat

153 2157 196 2219 do
213 2156 327 2217 siedici
342 2153 443 2236 possit.
481 2155 649 2237 Comparat
689 2162 767 2219 Aen.
781 2161 823 2231 X,
838 2160 899 2221 835
920 2158 1063 2218 Arboris
1086 2159 1188 2217 accli-

154 2279 225 2318 cum
254 2258 374 2319 Graeco
401 2247 519 2329 ditae,
554 2272 587 2317 vt
613 2253 650 2316 fit
691 2261 742 2316 nis
766 2274 903 2328 trnnc0;
935 2260 1056 2340 procos
1083 2280 1189 2319 aerea

151 2380 213 2440 pro
229 2357 287 2432 fic,
308 2375 437 2432 temere,
456 2374 489 2418 vt
505 2355 586 2417 casua
603 2372 650 2416 tu·
690 2362 792 2420 ramis
805 2358 978 2439 Dependet
990 2361 1101 2438 galea.
1138 2364 1188 2424 Im

153 2462 248 2534 leret,
270 2463 352 2521 Dan.
372 2458 512 2521 Heinsius
533 2458 572 2517 ad
588 2459 650 2518 He·
680 2463 778 2540 serta
789 2460 908 2543 procul
919 2462 1092 2530 iacebant,-
1115 2486 1188 2524 cnm

152 2561 229 2624 flod.
245 2564 322 2648 Epa.
338 2567 412 2642 344,
434 2563 485 2623 sed
500 2559 564 2621 sine
580 2580 650 2619 auc·
691 2561 880 2643 restrictione
920 2579 1042 2638 tamen,
1093 2589 1188 2648 quam

153 2671 287 2727 toritate.
349 2680 477 2725 centnm
515 2662 650 2744 delapsa
690 2681 814 2736 vocant,
834 2679 868 2722 vt
884 2662 980 2724 essent
993 2668 1098 2745 capiti
1112 2683 1189 2726 tan·

153 2771 305 2851 iungunt,
354 2782 387 2828 et
420 2761 648 2825 tantummodo
692 2782 761 2826 cum
777 2765 920 2847 delapsa.
960 2768 1078 2827 Vemm
1094 2776 1188 2830 etiam

154 2882 318 2949 exponunt
335 2868 498 2930 Turnebus
522 2884 554 2928 et
576 2870 649 2927 Cer·
691 2866 768 2928 haec
788 2872 892 2929 ieiuna
914 2868 998 2942 sunt,
1028 2884 1059 2930 et
1075 2877 1189 2954 quouis

155 2968 212 3039 da;
234 2975 275 3031 ita
297 2980 372 3034 vero
393 2969 553 3055 quomodo
572 2989 650 3050 pro·
690 2971 777 3032 bono
803 2986 896 3052 poeta
921 2971 1068 3052 indignam
1100 2974 1189 3055 quod

154 3073 211 3131 cnl
230 3077 326 3148 iacet,
368 3071 392 3133 ii
421 3055 648 3132 tantummodo
690 3070 789 3135 sensus
802 3094 957 3156 quemque
970 3073 1037 3132 suos
1050 3073 1189 3135 docebit.

151 3174 273 3255 delapsa
287 3173 376 3234 sunt?
409 3171 466 3235 nisi
480 3173 649 3234 contendas
692 3178 819 3257 Quanto
851 3176 959 3235 melius
996 3175 1036 3235 de
1063 3178 1189 3238 Andro·

154 3288 286 3333 cantum
314 3293 399 3335 noue
435 3275 552 3335 dictum
589 3270 648 3333 esse
690 3276 797 3337 mache
819 3277 905 3337 iliad.
925 3301 962 3358 χ,
985 3281 1048 3356 468
1068 3270 1189 3362 ’Ἡριπ

152 3394 211 3454 pro
231 3373 330 3434 modo
345 3390 378 3435 vt
391 3373 441 3435 nd
457 3392 583 3457 tempus
601 3395 649 3435 te·
691 3376 716 3443 δ’
738 3378 865 3456 ἐξοπίσω
891 3409 934 3428 ·-
967 3379 1052 3464 Τῆλε
1078 3377 1104 3444 δ’
1127 3376 1189 3444 oiri

149 3475 286 3550 seratur,
314 3476 399 3559 quod
422 3480 483 3538 alio
506 3478 648 3557 exemplo
691 3475 800 3564 κρατός
812 3482 871 3562 χέε
885 3481 1021 3562 δέσματα
1032 3479 1190 3558 cenadien-

97 3664 100 3668 .
151 3575 294 3635 nondum
329 3579 392 3639 vidi
427 3579 647 3641 confirmatum.
690 3572 907 3660 τα,”Αμπυκα
924 3602 997 3659 ete,
1024 3600 1056 3644 et
1072 3586 1189 3668 Hymn.

151 3678 243 3738 Dicas
269 3678 390 3757 procul
415 3677 544 3736 mlatiue
572 3681 646 3748 dici,
690 3689 723 3743 in
744 3685 871 3768 Dionys.
897 3690 934 3749 13
973 3682 1026 3750 τὸν
1075 3689 1101 3750 δ’
1138 3684 1191 3752 οὐκ

150 3800 212 3840 nec
226 3779 344 3860 semper
360 3794 513 3839 remotum
530 3797 564 3835 ac
579 3778 649 3837 lon·
690 3782 800 3860 ’laxavi
814 3783 1011 3864 &condition
1027 3785 1052 3853 δ’
1063 3780 1123 3853 asro
1139 3812 1192 3870 my·

150 3886 302 3964 ginquum
315 3878 499 3961 fignificare3
528 3878 648 3939 definiri
691 3878 755 3947 to'e‘
765 3885 892 3948 ἔπιπτον
902 3892 1015 3970 χειρῶν
1024 3887 1075 3967 ἠδὲ
1086 3890 1193 3954 ποδῶν.

150 4003 277 4064 quoque
307 4001 344 4040 ac
365 3981 565 4040 circumscribi
591 4005 648 4062 per
690 3986 788 4063 longe
807 3988 933 4069 lnpstim
954 4004 1086 4047 temone
1112 4011 1193 4070 quo·

149 4080 184 4146 w*
203 4097 357 4141 tantum:
385 4097 418 4142 vt
438 4079 490 4157 sit,
517 4087 645 4164 procul,
689 4109 751 4170 que
778 4089 853 4148 dixit
882 4087 985 4151 noster
1016 4093 1094 4151 Aen.
1118 4093 1192 4166 XII,

149 4173 264 4268 nempe
281 4207 299 4250 a
314 4187 423 4269 capite
439 4200 569 4250 caucum
590 4187 647 4250 de·
688 4197 763 4270 470,
787 4207 819 4253 et
835 4193 892 4267 lx,
909 4212 967 4275 771
994 4194 1076 4254 Cum
1089 4197 1193 4274 galea
