2692 4914
188 324 565 404 cuouotcou
590 327 684 401 tm.
706 328 735 417 1,
754 325 967 429 309-317
1045 330 1121 409 353

88 513 200 604 Quae
229 511 412 610 vigilanda
445 511 554 590 viris?
604 512 667 590 vel
706 538 823 614 quum
854 517 928 587 ruit
955 516 1120 596 imbrife-

632 719 637 729 ,
702 671 787 720 rum
810 672 886 739 ver,

84 776 219 874 Spicea
247 779 323 849 iam
353 781 491 880 campis
528 805 645 881 quum
681 778 800 854 mellis
836 780 1039 874 inhorruit,
1076 798 1116 860 et

726 939 817 988 uum

78 1045 277 1117 Frumenta
293 1047 334 1116 in
353 1042 461 1116 viridi
476 1007 607 1145 ltipula
620 937 795 1120 lactdntia
811 1046 1011 1146 turgueat?
1035 1047 1110 1122 315

75 1178 197 1276 Saepe
212 1202 293 1276 ego,
323 1203 438 1277 quum
455 1177 559 1272 flauis
579 1175 773 1255 meliorem
793 1180 990 1257 induceret
1010 1186 1108 1257 aruis

77 1308 269 1408 Agricola,
304 1329 341 1385 et
360 1309 480 1410 fragili
501 1315 575 1384 iam
595 1309 786 1414 stringeret
802 1315 945 1390 hordea
966 1314 1105 1407 culmo,

131 1524 218 1577 'ludet
234 1543 325 1577 cumr.
341 1541 405 1576 tuus
419 1525 509 1578 Metel.
543 1527 726 1599 umbriferum
739 1514 941 1584 alternouond'.
1001 1528 1053 1583 315
1065 1545 1102 1580 eat

72 1607 165 1662 viridi
185 1608 257 1662 leid.
298 1611 439 1661 lactantia
460 1611 545 1665 multi.
586 1620 711 1666 latentia
729 1614 808 1666 Rom.
850 1626 961 1684 turgent
980 1609 1101 1671 Mentel..

69 1693 164 1830 prunia
184 1711 270 1762 praue.
337 1695 389 1750 316
408 1693 523 1749 duceret
542 1696 658 1760 Medic.;
685 1694 729 1751 sod
750 1695 782 1750 ab
802 1695 853 1750 alit
873 1713 954 1750 manu
975 1703 1006 1749 in
1024 1694 1101 1768 supra

83 1793 204 1849 criptum.

67 1939 216 2004 militie.
262 1940 320 2000 vel
355 1962 454 2029 quutft
496 1944 577 2011 ruit,
604 1941 726 2021 aejlat,
745 1943 982 2025 Laetemesque
996 1960 1097 2002 orons

68 2044 165 2104 imbr.
185 2057 265 2101 ver:
291 2043 335 2100 M.
350 2044 458 2122 Aprili,
486 2047 564 2105 circa
604 2046 723 2106 lterbus
749 2044 928 2120 stooauert't
966 2063 1095 2103 omnem

68 2145 276 2226 Vergiliarum
307 2158 469 2228 exortum:
520 2149 564 2205 vi·
602 2146 754 2227 Meffibus
768 2148 950 2214 humorem,
965 2145 1101 2205 colmie·
1152 2224 1158 2235 ,

70 2247 207 2308 dendum
227 2263 321 2315 nunc,
339 2235 496 2305 'imbrium
516 2250 564 2307 in-
604 2270 668 2332 que
703 2252 844 2308 armarit
876 2246 993 2326 arillae
1022 2261 1093 2323 etc,

69 2350 249 2431 gruentiunr
274 2350 306 2405 vi
327 2366 367 2406 ne
394 2351 469 2407 enni
497 2347 562 2429 spes
602 2354 677 2412 item
694 2351 814 2412 Colum.
830 2352 872 2425 X,
888 2353 951 2414 325
965 2348 1031 2433 sqq.

68 2472 87 2508 a
115 2447 257 2528 procellis
282 2446 481 2530 profligetur,
519 2449 563 2510 le·
665 2466 668 2473 ·

66 2553 242 2630 mentisque
277 2549 357 2610 lacta
393 2551 561 2631 proluatur.
663 2555 736 2616 516.
773 2551 887 2634 Quid?
918 2549 1021 2634 quod,
1059 2546 1094 2609 id

69 2653 218 2710 Horrore
248 2649 326 2728 (uid.
356 2651 394 2710 ad
421 2673 449 2711 v.
483 2653 560 2731 151)
602 2654 686 2735 quod
712 2653 811 2713 multo
838 2655 935 2711 maius
956 2648 1016 2726 est,
1057 2652 1100 2709 itt·

66 2754 145 2830 agri
163 2765 215 2810 aut
225 2752 357 2830 segetes
377 2769 408 2813 et
417 2753 501 2831 sata
515 2753 561 2811 di·
601 2755 663 2835 ipsa
679 2752 771 2816 melle
793 2754 947 2835 procellae
967 2766 1020 2810 aut
1035 2755 1101 2808 im··

67 2851 271 2927 contorsere,
297 2841 365 2914 cum
381 2852 485 2915 arillae
500 2858 561 2912 iam
600 2856 670 2916 bres
687 2857 773 2936 saepe
792 2860 949 2937 ingruunt.
969 2874 997 2917 v.
1012 2852 1101 2911 Plio.»

66 2973 218 3020 maturae·
239 2955 325 3026 sunu
366 2954 395 3014 h.
427 2955 447 3014 l.
477 2953 567 3037 seges·
602 2958 715 3031 XVlll,
738 2959 790 3030 35,
810 2955 879 3017 sect.
893 2957 943 3035 78.
971 2954 1007 3013 cf.
1030 2952 1098 3010 Co··

67 3059 243 3128 lactescens,
263 3054 434 3135 instipula
451 3054 480 3114 h.
498 3057 560 3115 cul·
601 3062 673 3123 lum.
697 3061 742 3133 11,
769 3079 834 3130 21,
855 3079 893 3132 a..
947 3055 1093 3115 Similiter

67 3182 123 3221 mo
144 3156 266 3225 viridi:
298 3163 410 3241 vagina
427 3158 515 3216 Varr.
533 3158 559 3227 1,
602 3162 641 3222 de
664 3160 774 3221 vitibus
798 3160 851 3221 inf.
872 3158 919 3231 II,
942 3165 1007 3236 419
1046 3155 1094 3214 Et

67 3267 123 3341 48,
144 3265 174 3324 3.
203 3260 241 3322 cf.
261 3259 346 3320 Iliad.
368 3260 416 3341 ψ,
437 3261 499 3339 598
519 3259 561 3340 sq.
601 3265 669 3321 iam
714 3264 852 3320 maturis
899 3254 1093 3318 metuendus

68 3365 131 3424 vid.
157 3362 267 3422 Corda.
316 3362 475 3422 lactentia
493 3376 561 3420 tur·
601 3366 749 3445 Iuppiter
772 3366 856 3423 utris.
920 3364 992 3438 317.
1014 3359 1093 3437 fra·

66 3480 150 3545 gent
178 3465 299 3546 plenius
327 3467 420 3523 etiam
448 3464 562 3522 dictum
600 3466 662 3542 gili
702 3464 829 3524 hordea
871 3463 977 3523 culmo
1019 3459 1094 3520 dicit

68 3587 165 3650 quam
180 3566 311 3633 lactent:
338 3579 440 3624 emant
454 3587 561 3626 vocem
602 3583 696 3647 poeta
730 3587 791 3647 pro,
822 3563 945 3625 hordeis
981 3560 1095 3641 limpli-

67 3683 192 3750 poetae.
229 3667 321 3728 Ouid.
345 3663 420 3726 Fast.
442 3667 473 3741 1,
499 3670 558 3729 551
604 3671 696 3741 citer,
732 3681 785 3726 aut
806 3683 888 3728 certe
908 3666 1013 3726 culmis
1033 3663 1094 3722 fra·

58 3770 147 3849 sata
170 3769 292 3826 teneris
312 3767 472 3828 lactentia
484 3768 563 3844 suo-
604 3769 713 3852 gilibue
726 3768 849 3838 hordei:
871 3787 937 3830 non
953 3766 1093 3828 decerto

67 3874 136 3937 eis:
159 3885 191 3931 et
205 3869 304 3950 saepe.
346 3869 461 3930 Habuit
481 3868 564 3930 hunc
603 3870 712 3932 hordei
733 3891 865 3954 gener03
906 3868 962 3931 hos
977 3870 1094 3930 eulmot

67 3975 176 4034 locum
204 3985 276 4032 auto
310 3972 414 4032 oculos
440 3973 563 4032 Gratius
595 3974 774 4052 stringunt,
802 3978 855 4058 qui
875 3972 952 4032 falce
975 3969 1101 4049 secant3.

69 4075 191 4156 Cyneg.
214 4092 276 4152 ²9⁰
327 4071 409 4133 Inde
427 4073 485 4133 vbi
502 4095 564 4153 pu-
605 4075 677 4135 dum
700 4076 808 4136 falcem
827 4075 1005 4138 admouent,
1025 4085 1094 4128 tan·

70 4176 188 4237 bentet
214 4174 360 4237 talamos
389 4173 565 4243 'durauerit
605 4193 683 4263 gunt
719 4171 829 4242 scilieet
853 4184 919 4242 fet,
934 4171 1099 4255 ſtringunt.-
