2692 4914
224 325 938 430 nvcomotncuunoo-75
1027 327 1094 407 'et

56 547 91 592 n.
113 521 153 595 Ο
178 527 347 620 quoties,
389 541 431 597 et
453 549 549 624 quae
571 521 679 595 nobis
700 518 855 593 Galatea
875 515 1002 592 locuto
1023 514 1092 591 est!

56 658 211 729 Partem
239 656 404 757 aliquam
428 662 532 731 venti
550 656 679 730 diuom
706 652 872 727 referatis
891 652 940 724 ad
958 659 1067 727 auris.

56 816 95 860 n.
117 789 227 886 Quid
248 788 418 889 prodest,
452 791 556 891 quod
574 816 636 864 me
656 787 732 888 ipse
753 792 879 859 animo
900 805 980 861 non
998 785 1093 887 sper·

680 926 755 1011 nis,
778 923 946 1014 Amynta,
1016 985 1021 995 ,

55 1057 110 1147 Si,
134 1055 230 1129 dum
252 1076 294 1129 tu
313 1054 458 1131 sectatio
480 1081 606 1156 apros,
638 1080 708 1154 ego
725 1059 817 1128 retia
835 1052 969 1129 seruo?
1045 1057 1094 1157 75

120 1274 155 1323 72
176 1264 315 1326 quotiens
337 1250 415 1305 codd.
438 1253 504 1306 Pier.
528 1268 558 1307 vt
581 1250 658 1313 alibi,
691 1269 764 1305 more
784 1250 875 1325 prisco.
956 1254 989 1324 73
1008 1274 1093 1310 auras

55 1342 161 1411 Meneg.
181 1357 211 1392 et
227 1339 270 1392 ed.
288 1339 357 1390 Ven.
376 1349 449 1406 1472,
474 1353 501 1390 vt
514 1336 569 1390 Ecl.
585 1339 605 1397 1,
621 1339 662 1405 57·
733 1348 765 1407 74
785 1339 844 1410 ipso
860 1345 955 1392 animo
970 1340 1093 1396 nonnulli

58 1427 132 1478 codd
153 1443 183 1480 et
205 1425 269 1478 edd.
310 1426 450 1496 Amyntas
471 1423 596 1476 ellicum
617 1423 702 1476 Goth.
723 1441 762 1494 pr.
843 1426 875 1494 75
894 1425 941 1488 St,
976 1441 1007 1479 tu
1024 1427 1091 1481 dum

58 1513 136 1565 Goth.
153 1532 197 1584 pr.
236 1531 260 1563 r.
283 1527 367 1561 cerno
389 1509 459 1561 Ven.

57 1664 132 1724 vnde
148 1661 233 1724 hoec
245 1652 358 1742 potito,¹
367 1657 463 1741 [impl
474 1658 559 1743 μῆλα
600 1673 677 1719 noto
697 1657 847 1738 loquendi
871 1681 976 1735 more,
1012 1662 1092 1727 ferro

61 1765 139 1838 dinc,
162 1780 201 1824 vt
217 1763 383 1845 epitheton
398 1763 476 1823 odeo
493 1778 560 1823 tan·
600 1765 685 1822 venti
706 1760 856 1819 dicuntur.
885 1783 913 1821 v.
933 1761 1046 1824 Tibull.
1067 1766 1093 1841 1,

59 1882 118 1926 tum
132 1881 268 1928 ornatus
282 1860 380 1925 cauffo
396 1864 558 1937 adiectum,
602 1865 633 1936 5,
648 1864 699 1925 35.
721 1861 777 1951 Ill,
792 1869 845 1941 49,
859 1866 912 1942 96,
934 1868 977 1923 vti
991 1871 1095 1945 periu-

60 1984 87 2027 ct
106 1987 218 2026 aurea
247 1967 355 2048 pulcro
382 1962 442 2043 elle
463 1966 560 2026 videri
600 1969 647 2026 ria
661 1967 826 2024 amantium
836 1964 878 2025 ib.
893 1965 918 2039 1,
928 1976 1019 2044 42¹·
1038 1969 1093 2045 Ill,

60 2069 178 2150 poffint.
246 2070 299 2128 De
332 2068 419 2127 malis
455 2082 561 2127 tomen
604 2070 634 2141 6,
650 2072 701 2130 50.
731 2067 795 2126 lam
814 2064 917 2147 pastor
938 2090 974 2128 ex
992 2079 1101 2134 omni..

61 2171 209 2255 Cydoniis
247 2168 271 2249 (
275 2170 410 2253 Quietem
415 2212 426 2242 ,
463 2190 491 2229 v.
521 2169 561 2229 ed
602 2168 659 2229 bus
677 2174 711 2229 iis
728 2168 842 2229 blande
866 2169 951 2230 dictis
968 2194 1004 2233 oc
1019 2197 1094 2256 pro·

61 2272 95 2344 11,
109 2277 180 2352 51),
202 2272 299 2332 melle
316 2271 435 2332 condiri
454 2271 559 2344 solitis,
601 2268 691 2331 miffio
720 2287 839 2352 partem
867 2271 963 2334 saltim
995 2294 1093 2342 rotam

63 2380 152 2456 accipi
179 2370 295 2455 potell
347 2374 431 2433 Mola
455 2378 561 2439 citrea,
602 2369 661 2431 effe
678 2386 710 2431 et
724 2389 870 2434 euentum
890 2373 1003 2438 habere
1021 2403 1094 2462 pre-

63 2475 215 2538 [medicn
234 2473 442 2556 (Cicronen),
468 2475 560 2534 intel·
602 2491 701 2534 catur:
727 2476 799 2534 dum
813 2476 897 2538 addit
913 2478 1026 2541 diuum
1041 2505 1093 2543 re-

63 2578 107 2661 ligi
126 2599 200 2640 non
222 2574 368 2658 pollunt,
399 2581 558 2659 quonium,
591 2579 718 2658 feratis
736 2576 783 2637 ad
802 2600 907 2639 aures.
951 2584 1092 2665 Varianit

64 2702 123 2740 cum
150 2703 192 2742 eo
215 2677 313 2738 orbor
334 2679 457 2740 Mediae
485 2701 558 2760 pro-
599 2679 817 2741 Theocriteum
833 2683 952 2762 v11,93
974 2680 1013 2749 rol
1035 2713 1091 2753 που

64 2788 119 2862 pne
143 2779 209 2843 effe
233 2781 354 2840 dicatur
375 2782 488 2863 Georg.
512 2781 557 2854 11,
600 2783 651 2846 nal
675 2777 769 2852 zoile
790 2784 842 2845 ἐπ)
861 2778 971 2867 θρόνον
994 2779 1092 2871 ἤγαγε

67 2890 132 2958 126,
168 2885 318 2944 nondum
345 2905 381 2943 ea
400 2881 558 2959 stluestris
598 2880 698 2965 φάμα.
726 2887 916 2946 Burmannus
933 2887 1004 2948 ideo
1021 2913 1093 2952 eum

66 2985 161 3047 Iuliae
198 2986 306 3044 arbor
345 2984 404 3046 elle
444 2991 554 3067 potuit.
598 2989 676 3046 velle
702 2992 742 3045 ait
777 2987 815 3045 ad
850 2988 978 3055 deorum
1003 3013 1091 3053 aureo

10 3070 14 3087 ’
67 3086 110 3159 Ea,
132 3110 218 3172 quae
235 3090 319 3149 Galli
337 3091 482 3166 Oranges
503 3112 555 3170 np-
598 3086 742 3169 promilla
763 3089 816 3148 illo
841 3094 1019 3169 peruenire,
1056 3110 1090 3154 vt

67 3193 186 3268 pettam,
197 3189 355 3251 veteribus
364 3193 457 3271 plone
468 3197 557 3273 igno·
598 3190 719 3271 puellae
733 3189 890 3270 perfidiam
902 3191 1088 3260 ulciscantur.

68 3295 204 3355 uiuere.
252 3295 413 3364 Martinus,
436 3300 490 3376 qui
507 3292 556 3352 hic
598 3296 648 3373 75.
670 3314 730 3372 ego
752 3295 839 3351 retia
850 3293 972 3370 seruo,·
1007 3296 1087 3360 fere·

70 3397 220 3470 videndus,
233 3417 339 3476 poma
353 3397 488 3467 Punica,
504 3396 556 3457 seu
597 3396 650 3455 bat
669 3418 751 3470 mos,
780 3412 813 3456 vt
835 3395 895 3458 hoc
909 3393 983 3459 ellet
1000 3399 1086 3463 obse·

71 3515 217 3572 granata,
249 3496 408 3579 fignificori
425 3518 491 3559 non
511 3513 556 3558 te·
597 3503 660 3581 quii
682 3520 788 3580 genus.
826 3521 853 3560 v.
873 3499 986 3561 Tibull.
1007 3503 1032 3577 1,
1053 3512 1085 3584 4,

71 3619 140 3663 uere
154 3600 330 3662 contendit.
596 3605 647 3663 50.
669 3602 767 3675 tv,5,
786 3625 833 3664 12.
863 3603 955 3663 Ouid.
966 3606 1086 3680 Arcu,

100 3725 150 3783 7²·
167 3704 278 3764 certat
292 3722 361 3761 cum
374 3698 507 3762 Theocr.
514 3702 553 3774 V,
599 3706 676 3784 1893
701 3721 731 3765 vt
745 3727 835 3779 vero,
862 3710 905 3766 vti
918 3710 1086 3770 nonnullos

80 3806 122 3866 132
141 3841 187 3853 —
213 3807 283 3868 135.
355 3808 406 3884 73.
419 3807 554 3864 Partem
596 3810 734 3886 accipere
749 3807 855 3881 video,
883 3811 1017 3888 pericula
1029 3808 1085 3873 fibi

79 3906 210 3988 aliquam
223 3927 256 3968 n.
271 3928 379 3968 eorum
386 3951 397 3981 ,
418 3930 498 3990 quae
509 3908 555 3967 lo·
596 3929 664 3966 cum
680 3929 718 3969 eo
734 3914 906 3970 communio
927 3910 986 3972 elle
1000 3913 1084 3986 velit,

10 4051 13 4058 >
83 4025 133 4069 ma
150 4008 202 4083 est,
229 4015 370 4084 aventi,
386 4025 442 4070 etc.
472 4011 553 4069 Vota
595 4009 627 4069 id
661 4031 697 4069 ex
726 4009 896 4072 nostrorum
923 4011 1084 4073 hominum
1135 4035 1140 4045 ⁴

85 4110 163 4187 inita,
189 4129 222 4176 et
235 4112 329 4174 verbo
352 4111 551 4194 acpromiffa,
595 4112 752 4194 elegantiis
777 4111 828 4173 est.
884 4116 1006 4174 Scilicet
1025 4114 1085 4175 hoc

10 4259 18 4291 r.
90 4230 147 4288 qtae
173 4217 211 4277 od
241 4215 375 4280 nihilum
401 4217 551 4291 recidunt,
594 4213 787 4296 vultpastor‚
806 4215 986 4297 obsequium
1000 4214 1087 4275 suum
