2700 4906
125 304 219 396 ,506
352 299 396 373 Ρ.
420 295 671 374 vinoun
701 244 973 367 Mauortis
1018 276 1033 311 ‘⁵

146 488 372 565 Tondentur
395 481 512 577 cytisi,
548 481 674 555 taedas
702 479 791 553 silua
822 477 895 550 alta
921 471 1114 565 ministrat,

148 622 428 717 Pascunturque
448 620 764 715 ignesfnocturni,
793 630 831 685 et
849 611 997 685 lumina
1016 608 1176 684 fundunt.

150 762 198 832 Et
232 752 403 827 dubitant
439 749 610 823 homines
650 746 787 836 serere,
832 762 950 845 atque
984 742 1180 847 inpendere

775 877 931 954 curam?

116 980 121 984 Δ
156 1019 261 1120 Quid
300 1018 445 1090 maiora
482 1010 641 1114 sequar?
692 1013 817 1089 salices
850 1013 1094 1114 humilesque
1128 1032 1180 1110 ge-

771 1144 908 1237 nostae,

239 1347 290 1414 432
311 1361 365 1414 que
390 1336 462 1393 abest
478 1356 493 1390 a
510 1338 595 1392 Goth.
615 1360 655 1413 pr.
682 1357 709 1396 et
726 1360 776 1396 vno
795 1343 886 1398 Maad.
946 1361 984 1395 ac
1004 1345 1113 1397 lomina
1129 1357 1182 1394 runt

159 1430 255 1489 Pierii,
282 1428 406 1480 nimirum
419 1426 570 1485 Romanus,
600 1423 659 1478 duo'
674 1427 762 1479 Heius.
782 1445 807 1482 et
824 1429 909 1482 Goth.
930 1426 980 1495 sec.
1008 1428 1105 1501 fundi
1121 1426 1183 1481 Gud.

160 1533 210 1590 pro
225 1513 278 1565 diu.
295 1512 354 1564 loct.
422 1510 473 1576 433
491 1506 568 1561 Abest
583 1508 627 1562 hic
640 1511 749 1589 versutia
763 1512 901 1575 Medica,
921 1529 948 1566 et
961 1512 1053 1567 aberat
1068 1514 1100 1565 ab
1110 1509 1185 1564 Vrsini

161 1599 316 1654 Colotiano.
364 1593 416 1647 Sed
439 1594 563 1646 sententia
584 1594 682 1648 versum
709 1596 844 1650 absolutus
863 1596 940 1650 sicile
961 1599 1082 1650 excidere
1101 1596 1183 1670 potuit.

161 1683 258 1740 Versus
277 1700 326 1754 per
341 1679 367 1732 se
385 1678 422 1732 ast
439 1678 593 1751 praeclarus.
632 1698 714 1733 curas
733 1682 816 1735 Goth.
836 1703 874 1753 pr.
897 1698 924 1735 et
943 1682 986 1736 ed.
1009 1684 1099 1746 Dan„
1129 1699 1186 1734 non·

163 1769 305 1840 nullaeque
321 1755 526 1837 ap.Martinurri.
554 1783 622 1816 cum
636 1765 760 1819 Rottend.
776 1783 832 1821 tert.
848 1784 875 1822 et
887 1768 971 1821 Goth.
989 1767 1040 1822 sec.
1093 1765 1187 1835 ⁴43ss*

166 1875 239 1927 quor
259 1852 329 1912 Eat,
359 1848 432 1921 quod
453 1848 616 1901 coniectabat
633 1851 672 1903 lo.
694 1850 829 1906 Schrader.
871 1852 1009 1925 genestae
1034 1854 1065 1907 in
1087 1850 1187 1924 antiqu·

165 1940 257 2002 scribi,
285 1935 383 1990 Pierius
403 1948 486 1987 notat.
509 1933 560 1985 vid.
581 1934 636 2008 sup.
657 1953 680 1987 v.
698 1953 737 1988 η,

168 2143 212 2161 ·-
224 2110 375 2178 araiaria,
397 2105 540 2178 „secreta
555 2125 663 2167 nemo·
706 2108 862 2169 debebant
877 2107 1023 2172 homiues
1038 2108 1189 2171 sereretur

170 2233 258 2283 rum,
296 2227 376 2290 quae
410 2226 482 2265 aues
519 2205 664 2287 frequen·
707 2212 848 2283 arbores,
889 2227 921 2271 et
957 2210 1022 2272 hoc
1052 2209 1190 2295 quidquid

171 2317 273 2373 tant.“
316 2311 448 2367 Seruius.
480 2306 663 2369 adomibus
706 2333 819 2392 operae
846 2308 904 2384 esi,
943 2317 978 2373 iis
999 2311 1191 2395 impendere?

171 2427 266 2496 poeta
314 2409 353 2467 ad
394 2406 480 2467 siluas
522 2409 662 2469 traduxit.
708 2415 817 2473 Forma
845 2419 994 2475 orationis
1025 2432 1059 2475 vt
1089 2422 1121 2475 in
1146 2414 1191 2476 illo

173 2517 249 2595 sup.
272 2532 300 2571 v.
324 2512 387 2573 328
411 2511 491 2566 auia
510 2512 666 2588 virgulta.
710 2518 786 2575 Aen.
803 2516 855 2586 VI,
873 2519 933 2592 807
954 2518 1000 2574 Et
1014 2517 1192 2577 dubitamus

173 2619 248 2695 431.
271 2612 388 2696 Cytisus
406 2615 486 2669 inter
499 2610 668 2673 arbusculas
710 2615 820 2674 adhuc
846 2620 1005 2678 uirtutem
1027 2618 1192 2682 extendero

174 2717 259 2799 apud
290 2709 490 2794 Theophrast.
530 2729 561 2773 et
590 2715 668 2773 Pliu.
703 2719 833 2797 saccis?

177 2820 319 2901 Gytisnm
336 2819 516 2875 Maroneae
538 2815 634 2875 videri
651 2835 669 2874 a

177 2925 278 3003 poetis
301 2920 447 3002 intelligi,
482 2917 668 2977 docetMar-
771 2922 844 2997 454.
873 2919 966 3001 Quid
994 2925 1128 2983 maim
1147 2920 1194 3001 so·

177 3028 260 3082 tinus
274 3023 314 3082 ad
328 3022 357 3082 h.
373 3022 394 3081 l.
410 3021 446 3080 cs.
460 3020 524 3100 sup.
547 3020 585 3078 ad
605 3019 667 3077 Ecl.
710 3023 820 3102 quar?
850 3023 967 3103 vulgari
988 3031 1130 3087 ratione:
1160 3044 1193 3084 no

175 3125 217 3197 II,
235 3127 285 3201 64.
318 3125 393 3183 Mox
411 3126 445 3180 in
458 3118 670 3202 pedestriora·
710 3128 826 3182 maiora
848 3144 1101 3190 commemorem.
1141 3124 1193 3186 Sed

178 3230 267 3285 tione
284 3222 429 3283 structura
449 3219 566 3295 suisset,
602 3237 670 3279 tae·
712 3228 840 3282 maiora
864 3223 989 3303 possunt
1012 3226 1075 3289 esse
1095 3229 1195 3289 vtilita·

180 3324 242 3384 das
268 3323 358 3397 filtra
383 3323 560 3399 ministrat,
600 3325 670 3405 qui·
711 3342 757 3386 tes
777 3331 906 3387 maiores
923 3343 954 3387 et
970 3329 1096 3391 arbores
1110 3334 1196 3390 maio·

181 3427 259 3496 bus,
277 3422 465 3501 ferrande,
501 3428 591 3502 ignes
609 3446 670 3505 pa·
711 3450 779 3488 res:
814 3427 873 3487 hoc
889 3429 1006 3501 Cerda,
1035 3446 1197 3514 praeeunte

171 3528 326 3606 scrantur.
359 3525 408 3584 De
423 3525 533 3595 taeda,
544 3532 669 3606 proprie
711 3531 836 3602 Seruio,
864 3529 1015 3611 sequitur:
1061 3535 1146 3615 Quid
1158 3539 1197 3593 in·

183 3629 283 3699 dicta,
317 3624 442 3700 arbore,
469 3629 572 3706 succo
592 3648 671 3708 par·
711 3629 805 3690 sistam
828 3635 861 3690 in
888 3634 1047 3695 narrandis
1071 3656 1197 3696 commo·

184 3731 273 3788 aiore
302 3728 539 3812 liquidioreque
572 3751 672 3811 quam
714 3732 758 3792 dit
786 3736 936 3791 maiorum
964 3736 1111 3798 arborum
1146 3737 1197 3816 (de

182 3834 219 3891 in
238 3833 354 3912 μίσεα,
383 3832 530 3913 flammis
556 3855 597 3891 ao
624 3835 672 3892 lu·
714 3840 802 3916 picea
830 3834 925 3895 modo
952 3843 1094 3919 egerat),
1136 3858 1198 3898 cunr

182 3933 266 3994 mini
270 3934 446 4009 sacrorum
462 3937 559 3992 etlam
572 3951 673 4012 grata
714 3937 817 3997 salices
835 3953 867 3997 et
888 3936 1031 4019 genestae
1056 3945 1147 4001 etiarn
1161 3939 1200 3998 as·

180 4036 400 4107 uranum,
421 4036 492 4096 ros.
510 4057 556 4117 ¹9·
598 4041 670 4115 453.
713 4041 814 4100 serant
832 4041 973 4101 utilitates
991 4042 1066 4104 suas.
1106 4062 1200 4121 geae-

181 4141 271 4221 Quae
296 4160 366 4203 curn
384 4141 427 4229 ira
449 4135 524 4211 tint,
563 4159 671 4204 nonne
704 4140 779 4223 stae
798 4143 858 4204 vid.
883 4142 947 4224 sup.
970 4165 1000 4206 v.
1027 4167 1075 4206 12.
1129 4130 1199 4206 Mox
