2692 4914
320 339 1028 433 evcomcsecn.1v,te-50
1130 341 1198 416 ηε

161 526 386 600 Concordes
412 525 528 600 stabili
555 525 717 601 fatorum
744 533 899 603 numine
908 531 1069 605 “Parcae
1118 560 1121 564 ·

156 648 417 747 Adgredereo
432 676 586 749 magnos
603 652 736 744 (aderit
751 657 826 725 ianr
842 658 1002 753 tempus)
1019 653 1194 743 honores,

157 775 259 845 Cara
273 773 390 847 deum
404 772 565 864 suboles,
598 801 774 873 magnum
787 780 889 848 Iouis
903 774 1194 849 incrementum!

154 895 321 995 Adspice
336 921 508 970 connexo
524 917 718 972 nutantem
732 897 901 1000 pondere
918 897 1118 986 mundum;
1145 896 1195 969 50

222 1075 262 1133 47
283 1062 360 1116 Idem
379 1062 432 1117 iere
451 1064 534 1117 versus
551 1065 578 1117 in
593 1065 647 1117 Ciri
670 1067 718 1119 ¹25
730 1093 765 1106 —·
781 1085 953 1139 regnumque
968 1066 1102 1136 saturum
1123 1064 1195 1117 Con·

154 1148 266 1202 sordes
290 1145 399 1218 statur
430 1148 586 1220 firmarunt
611 1157 724 1202 numius
749 1152 867 1205 Parcas.
954 1154 989 1219 48
1005 1148 1195 1224 Adgredere:

151 1236 313 1308 scripturam
336 1252 350 1285 e
370 1234 440 1288 libris
471 1234 556 1288 firmat
577 1237 738 1297 Burmann,
772 1235 858 1290 nescio
885 1256 931 1292 cur
955 1237 1007 1290 hoc
1030 1234 1194 1310 potiffimunr

151 1318 226 1372 loco.
278 1318 392 1373 Tuenda
415 1337 469 1375 erat
495 1339 592 1381 exeo,
634 1319 706 1392 quod
729 1335 846 1375 tenorem
873 1338 899 1376 et
924 1320 1097 1376 constantiam
1122 1319 1194 1392 sequi

154 1404 370 1458 consentaneum
389 1406 434 1461 est.
516 1415 550 1478 49
572 1406 659 1462 Clara
682 1406 776 1460 Mores
797 1424 881 1483 quart.
901 1423 928 1460 et
948 1407 1045 1463 Scheff.
1066 1401 1192 1459 recentiff.

149 1491 227 1543 Idem
251 1489 340 1543 sersus
364 1491 392 1545 in
411 1491 464 1545 Ciri
485 1510 508 1543 v.
530 1493 589 1561 398.
623 1489 742 1559 suboles
760 1506 831 1544 vetus
852 1491 983 1564 scriptura,
1013 1511 1092 1566 quam
1106 1488 1193 1544 Festus

149 1576 243 1628 firmat
266 1575 294 1627 h.
314 1594 339 1625 s.
358 1576 428 1628 rerssr
449 1576 566 1630 laudato.
656 1577 690 1630 50
710 1575 798 1627 sicin
818 1577 873 1630 Ciri
895 1580 945 1631 228
973 1581 1043 1631 culti
1061 1584 1193 1630 nutantia

141 1660 256 1731 fidem
283 1661 369 1714 caeli.
410 1660 458 1715 etii
482 1661 518 1713 ibi
544 1661 630 1714 minus
663 1659 810 1715 commode.
850 1661 952 1730 sidera
982 1662 1053 1715 enim
1078 1669 1192 1721 micans,

151 1757 288 1806 nuans,
315 1745 466 1801 scintillant.
501 1750 642 1805 Arnutant
665 1765 731 1819 quae
746 1762 789 1798 eut
804 1745 966 1817 quaffantur,
991 1763 1194 1818 autquaepon·

152 1834 203 1887 dus
218 1833 334 1886 habent.
371 1833 414 1886 Sic
429 1847 530 1888 nutant
545 1830 655 1904 cristas,
664 1830 806 1902 siluarum
820 1842 976 1895 cacumina,
996 1847 1073 1885 terra
1086 1844 1172 1883 meta.

152 1983 202 2028 ees
243 1964 462 2043 firbesmr'na,
523 1971 658 2034 currite,
698 1969 953 2036 incrementum,
992 1968 1132 2027 alumnus
1159 1977 1192 2024 et

144 2069 227 2150 fusi„
287 2068 373 2128 Tum
401 2077 441 2147 47
472 2067 656 2128 Concordes
697 2074 870 2144 nutricius,
928 2067 1057 2153 &pertun
1103 2059 1192 2138 Asis,

146 2170 269 2249 fiebili
311 2169 469 2249 satorum
522 2173 657 2228 numine
697 2167 871 2255 διοτρεφῆς,
906 2187 954 2232 vt:
986 2171 1063 2229 Ioue
1088 2181 1191 2227 natus.

156 2277 299 2333 Parcae.
320 2272 403 2352 sata
426 2267 656 2346 suntstabilr'a,
697 2273 734 2336 cf.
773 2275 886 2335 Cerde.
959 2269 1014 2331 60.
1055 2267 1190 2340 Eorum,

155 2374 379 2445 immutabilis,
414 2377 511 2456 iisque
534 2395 656 2433 numen
698 2396 778 2458 quae
814 2376 996 2459 sequuntur,
1048 2367 1192 2450 ambigue

158 2479 188 2539 lt
208 2483 256 2538 vis
277 2491 311 2536 et
331 2470 463 2555 potestas
492 2495 590 2558 neque
621 2497 656 2536 ec
698 2475 787 2537 estet
808 2475 950 2539 structura
971 2486 1002 2531 et
1022 2470 1190 2532 sententie:

159 2583 300 2642 voluntas
346 2576 452 2636 diuina
503 2576 654 2636 tribuitur.
696 2577 800 2641 Potest
819 2584 904 2660 prior
924 2573 1040 2633 versus:
1068 2573 1190 2653 Aspice

159 2684 287 2743 Pareae
310 2675 489 2736 concordes
501 2678 600 2756 fatis,
623 2676 653 2738 h.
697 2701 843 2740 connexo
887 2689 1059 2733 nutantem
1103 2693 1189 2755 pon·

159 2791 191 2844 in
225 2783 295 2841 fatis
337 2778 498 2843 hominum
539 2802 655 2840 rerum·
696 2783 774 2843 dere
807 2775 966 2837 mundum
995 2795 1053 2855 per
1079 2773 1108 2833 se
1137 2795 1188 2835 ac-

158 2908 219 2969 que
254 2881 438 2944 definiendis
478 2896 511 2943 et
546 2880 654 2944 consti-
696 2889 756 2965 cipi
803 2894 958 2958 tamquam
1005 2874 1187 2955 phantasma

159 2989 290 3048 tuendis.
328 2986 437 3046 Solent
457 3002 559 3045 autern
578 3008 653 3066 poe·
693 2979 907 3064 propheticum
927 2976 980 3035 seu
1000 2974 1095 3034 visum
1113 2995 1188 3056 pro-

160 3105 208 3149 tae
227 3088 324 3150 ruodo
354 3092 387 3148 in
415 3091 529 3168 nuptiis
556 3088 652 3147 modo
695 3085 778 3163 dign,
803 3078 888 3160 quod
904 3073 1067 3137 instantem
1084 3097 1187 3137 renum

160 3195 191 3250 in
211 3191 364 3250 natalibus
379 3192 509 3261 Parcas,
528 3188 650 3272 Μοίρας,
694 3178 898 3243 inuerfionem
919 3181 1094 3260 portendit:
1120 3182 1187 3239 vni·

161 3292 305 3356 adhibere
333 3293 396 3351 fata
426 3306 578 3350 canentes.
692 3280 768 3344 versi
795 3297 943 3343 terrerum
972 3281 1054 3342 orbis
1083 3297 1185 3343 motus

207 3399 250 3472 48
269 3429 313 3440 -
333 3397 385 3455 52.
428 3392 540 3451 Dicere
575 3386 650 3447 haec
693 3407 728 3445 ac
763 3400 886 3445 tremor.
942 3383 1085 3444 mundus
1124 3404 1185 3441 nn-

162 3494 317 3560 ἓνθουσιῶν
355 3495 395 3556 de
437 3514 550 3576 puero,
589 3495 649 3548 iam
692 3503 767 3547 tans
786 3508 936 3548 contremo
957 3484 1110 3569 pondere
1134 3505 1186 3545 or·

163 3599 197 3657 ad
234 3598 355 3658 virilem
396 3598 479 3656 illam
518 3607 649 3654 estatem
690 3606 762 3650 nate
797 3591 896 3651 dictus
930 3610 1009 3671 pros
1051 3585 1184 3647 mundus

164 3700 284 3767 adulto,
349 3696 559 3760 existimandus
607 3689 650 3751 est
691 3692 986 3766 conuexus,ceelum
1001 3692 1183 3761 connexumj

165 3818 267 3879 poeta,
317 3804 514 3882 impatientes
546 3795 649 3855 ferens
689 3810 821 3853 nutanse
853 3792 934 3854 bene
955 3791 1097 3852 tribuitur
1117 3810 1186 3850 cee-

167 3921 290 3976 moram,
317 3906 430 3962 etiem
452 3903 555 3959 anime
575 3915 648 3978 pro·
688 3896 720 3954 lo
741 3895 854 3968 moles,
892 3891 1034 3975 pondus,
1065 3897 1098 3951 in
1119 3894 1184 3972 pri·

170 4005 262 4064 sidens
304 4004 458 4086 praesagia
501 4022 536 4060 ac
574 4018 648 4080 pro·
689 4002 746 4056 mis
774 4002 808 4058 in
836 4011 933 4057 motu.
997 3996 1104 4055 Nuces
1130 4011 1185 4050 au·

173 4103 258 4186 digia,
308 4125 388 4187 quae
419 4125 561 4187 magnam
601 4120 647 4159 re.
689 4118 753 4161 tem
800 4115 833 4161 et
879 4100 1053 4160 concutitur
1100 4093 1185 4152 orbis

175 4224 231 4265 mm
273 4211 474 4268 mutationem
521 4220 647 4287 porten-
689 4218 855 4274 terrarum,
890 4215 1047 4281 tamquam
1069 4194 1186 4255 eduen-

180 4305 250 4369 ‹iunt
299 4319 351 4393 49.
380 4329 536 4392 magnum
559 4308 648 4371 Iouis
690 4321 724 4366 tu
752 4319 784 4368 et
813 4304 1008 4387 apparitione
1039 4299 1185 4367 numinis.
1235 4352 1239 4356 .
