2692 4914
220 347 298 422 ns
328 345 593 421 cssusss
616 330 924 422 'svcoisco
1050 371 1094 422 ιι
1156 311 1161 320 ’

29 541 210 610 tatione
232 532 391 613 liberet,
429 530 536 605 bona
558 548 695 603 autem
721 536 859 604 omnia
879 529 1023 634 paffim
1051 541 1096 613 in
1156 521 1159 525 ’

35 694 95 738 ea
122 662 258 736 obuia
281 679 321 731 et
346 665 506 732 maiora
532 658 690 757 efficiat,
727 676 767 730 et
787 663 831 731 in
852 685 976 733 vnum
1003 689 1095 740 con·

37 789 165 895 gesta
193 795 257 862 ita
267 788 461 888 fingendi
481 788 646 858 licentia
667 803 849 865 exornet,
887 804 933 858 vt
961 814 1093 866 cumu-

43 917 292 1019 latiffimam
303 915 506 1013 felicitate
524 919 655 985 vitam
674 910 886 985 adumbret
891 942 907 999 ;
940 925 1093 1015 partim

47 1050 111 1121 ad
139 1043 319 1144 fabulas
354 1044 406 1116 de
433 1046 656 1141 primorum
688 1041 895 1112 ltominum
932 1048 1021 1117 vita
1054 1065 1094 1120 et

48 1190 195 1246 aetate
225 1197 374 1251 aurea,
423 1195 497 1242 nec
525 1197 607 1243 non
638 1166 696 1241 ad
728 1172 978 1243 narrationes
1004 1170 1094 1268 siue

50 1305 105 1375 de
128 1303 337 1370 maiorum
358 1301 467 1377 vita,
505 1314 722 1395 antequam
741 1321 815 1396 per
834 1300 944 1368 vicos
964 1313 1004 1368 et
1026 1323 1092 1370 or·

50 1425 116 1500 bes
154 1423 413 1502 habitarunt,
448 1421 540 1520 siue
578 1424 629 1495 de
662 1423 903 1524 populorum
939 1426 1092 1499 Noma·
1189 1499 1192 1510 ,

53 1557 154 1627 dum
170 1549 505 1651 pastoritiamque
525 1554 655 1622 vitam
685 1556 890 1650 agentium
919 1553 1092 1629 moribus

57 1701 99 1754 et
121 1679 306 1778 irfiitutis
332 1678 539 1776 confugiat
572 1693 611 1747 et
639 1677 731 1748 liinc
753 1678 834 1776 suo
855 1698 1090 1779 argumento

59 1809 207 1884 colores
231 1822 361 1905 petat.

155 1938 250 2006 Iam
279 1957 363 2004 non
386 1955 538 2030 magna
570 1928 717 2001 iudicii
736 1925 964 2023 subtilitate
991 1936 1094 2006 indi·

60 2091 149 2166 gere
174 2063 340 2135 videtur
370 2081 415 2131 ea
441 2053 604 2156 quaestio
635 2054 888 2148 diiudicanda,
929 2085 1004 2159 qua
1028 2088 1093 2135 na«

63 2211 141 2266 tura
161 2189 274 2262 huius
297 2189 469 2260 carminis
491 2181 537 2257 ab
565 2188 788 2282 argumentis
805 2182 997 2283 piscatorii,
1032 2215 1094 2265 ve·

65 2322 204 2407 nasoni,
229 2312 401 2405 melloni,
434 2312 705 2388 vindemiatorii
731 2330 769 2386 et
798 2310 919 2386 fimilis
947 2321 1093 2414 generis
1191 2316 1194 2330 ¹

70 2447 180 2519 aliena
203 2441 278 2518 effe
307 2439 541 2517 existimatur.
599 2441 792 2514 Carmina
825 2445 948 2512 etiam
979 2444 1094 2519 huius

73 2574 286 2672 argumenti
307 2569 406 2641 bene
428 2571 548 2641 condi
564 2561 672 2668 poffe
696 2570 783 2666 quis
808 2572 952 2667 neget?
987 2572 1093 2644 Sane

79 2719 175 2770 erum
203 2699 279 2770 illa
303 2697 381 2794 seu
415 2701 459 2766 in
486 2695 745 2794 descriptione
778 2712 816 2765 et
843 2703 1091 2778 narratione,

72 2826 136 2920 seu
157 2832 193 2896 iu
213 2830 374 2896 actione
399 2825 538 2923 aliqua
569 2850 619 2893 ex
643 2826 754 2892 aicae
784 2820 889 2918 istius
911 2825 1093 2925 partibus

85 2950 347 3053 acgeneribus
374 2950 597 3037 exhibenda
631 2966 850 3046 occupatas
887 2977 970 3022 uon
996 2978 1092 3022 vero

82 3084 116 3149 in
138 3087 239 3152 uitae
267 3076 504 3180 pastoritiae
528 3076 797 3175 fimplicitate.
878 3080 997 3178 Quod
1020 3106 1094 3178 per

10 3280 12 3285 ,
76 3205 222 3301 senilul
240 3205 375 3285 habet,
407 3207 517 3305 quod
548 3203 752 3302 improbes.
811 3205 918 3306 Quid
929 3209 952 3275 l
985 3207 1095 3306 quod

80 3332 256 3428 pastoricii
283 3337 438 3431 generis
466 3337 647 3403 materies
674 3335 835 3402 omnino
867 3329 922 3429 est
945 3360 1095 3432 parum
1177 3367 1182 3376 ·

10 3499 19 3561 ἲ
84 3460 253 3560 locuples3
295 3460 382 3558 ipsa
404 3464 515 3530 uitae
529 3459 766 3559 fimplicitas
797 3476 836 3531 et
872 3462 1095 3561 tranquilli·

18 3610 21 3615 ·
85 3603 129 3660 tas
156 3614 361 3688 perpauca
397 3606 635 3686 argumenta
670 3590 821 3658 idonea
845 3588 1094 3688 suppeditat,
1158 3580 1162 3591 ’

11 3770 22 3793 ,.
86 3732 113 3782 et
139 3718 341 3789 tractandi
364 3713 600 3815 simplicitas
629 3744 709 3788 non
742 3720 871 3815 magis
903 3744 1098 3816 magnam

87 3846 267 3915 tractandi
304 3849 545 3915 varietatem
579 3845 783 3914 admittit*
824 3845 961 3944 Neque
991 3848 1096 3918 adeo

83 3967 154 4059 fieri
180 3968 326 4070 potest,
376 3988 422 4042 vt
452 3997 604 4071 magna
635 3975 752 4068 copia
785 3967 980 4042 bonorum
1012 3997 1100 4043 car-

91 4101 215 4170 minum
258 4098 532 4172 bucolicorum
577 4123 757 4200 unquam
792 4098 1001 4197 speranda
1032 4096 1099 4192 stt.

95 4224 218 4322 Quidni
245 4235 371 4331 igitur
399 4228 519 4303 liceat
544 4253 822 4327 quamcunque
849 4228 1015 4298 tandem
1039 4229 1100 4294 nri·
