2692 4914
148 313 224 397 Soa
375 308 418 378 P.
442 306 684 380 V'IRGILII
714 299 974 388 MARONIS

148 504 278 598 Quum
298 494 461 594 primum
480 491 599 568 sulcos
629 514 793 597 aequant
816 493 913 569 sata?
957 503 1104 600 quique
1118 527 1184 602 pa·

91 602 94 607 ’
237 606 238 610 ‘
596 626 598 634 ⁴
769 627 868 704 luas

148 765 373 843 conlectum
394 759 592 835 humorem
616 761 745 838 bibula
766 763 920 840 deducit
943 767 1081 877 arena?

145 897 365 991 Praesertim
402 900 553 971 incertis
602 894 629 973 lt
672 897 858 974 menfibus
905 906 1022 975 amnis
1065 900 1183 976 abun·

764 1032 856 1108 dana
1111 1036 1180 1108 115

71 1216 79 1226 .
143 1175 246 1261 Exit,
287 1183 326 1242 et
346 1163 513 1238 obducto
544 1162 621 1239 late
646 1184 750 1242 tenet
774 1171 901 1240 omnia
924 1168 1035 1242 limo:

212 1362 262 1419 113
279 1373 384 1433 aequat
402 1355 486 1413 Goth.
500 1376 540 1430 pr.
575 1355 641 1410 Viro
662 1357 743 1412 docto
759 1376 800 1429 ap.
816 1360 937 1412 Seruium
949 1361 993 1414 hic
1007 1362 1092 1417 wrm
1112 1363 1179 1417 ,deo

141 1450 168 1508 ia
186 1449 324 1524 probauit,
358 1460 386 1499 tt
404 1441 560 1514 adscripfiffa
579 1457 710 1496 narretur:
752 1445 842 1504 „Sana
855 1444 959 1515 Virgilii
987 1446 1039 1500 hoc
1065 1447 1178 1502 hemisfi.

142 1536 233 1592 chium
254 1526 335 1586 vnum
352 1528 386 1583 de
402 1529 506 1582 inuictis
526 1525 595 1582 σίζ’*
670 1535 719 1594 ιι4
736 1526 853 1583 deducit
872 1538 903 1584 lta
925 1530 1014 1585 herba
1032 1534 1117 1587 Goth.
1139 1536 1180 1606 pn

140 1638 173 1678 ex
186 1619 257 1675 versu
276 1636 332 1671 tra.
404 1618 452 1670 115
472 1623 555 1668 certis
569 1633 612 1685 ap.
627 1613 743 1667 Probum
757 1615 904 1669 Grammat.
918 1614 963 1670 lib.
977 1621 998 1680 1,
1024 1620 1098 1692 quod
1119 1620 1177 1673 feni

139 1705 233 1784 possit,
260 1721 350 1758 verum
370 1717 533 1767 tamennon
553 1699 598 1756 eit
646 1717 707 1753 rum
729 1700 868 1774 artetfibur
890 1702 954 1773 Reg.
977 1704 1051 1773 apud
1067 1706 1176 1761 Martia.

142 1794 191 1849 116
209 1793 291 1847 Exiit
311 1788 435 1844 obducto
452 1785 569 1841 Gudian.

139 1943 174 2016 τδ
199 1943 242 2035 μή
275 1947 502 2027 φυλλομανεῖν,
539 1943 636 2006 ἔπινέ.
679 1938 819 2028 Festum3
847 1943 897 2005 hic
911 1965 985 2005 vero
1001 1949 1066 2006 eius
1080 1968 1174 2030 gene·

139 2075 225 2132 μουσι
250 2051 298 2136 tul
321 2045 499 2126 ἐπικείρουσι
518 2041 572 2108 τᾶν
592 2048 637 2108 σῖ·
678 2047 719 2104 ria
741 2044 838 2106 stdous
864 2046 915 2107 seu
935 2046 1010 2108 folla
1031 2056 1174 2131 exprimi-

138 2176 208 2232 τως
230 2152 263 2213 fit
277 2152 360 2211 idetn
375 2149 454 2208 falce
472 2151 633 2209 internos.
677 2163 745 2214 tur,
765 2168 826 2229 qua
840 2169 921 2231 aqua
944 2170 1068 2224 arena,
1097 2154 1128 2214 h.
1143 2176 1172 2216 e.

127 2255 247 2335 sulcos
265 2266 413 2335 aequant
432 2249 525 2327 sata.
569 2253 633 2310 Sci·
674 2269 733 2328 per
756 2250 805 2309 vel
821 2251 861 2310 ad
879 2253 1039 2314 arenosum
1053 2257 1171 2331 locum,

137 2358 212 2421 licet
248 2355 345 2416 sulcus
378 2373 463 2414 nunc
496 2351 633 2436 designat
674 2352 856 2421 deducitur,
895 2353 945 2414 abt
976 2360 1011 2415 in
1034 2358 1172 2419 i'abulmn

136 2475 251 2522 terram
264 2463 346 2518 inter
362 2458 425 2517 duo
446 2455 542 2516 sulcos
558 2477 631 2536 pro·
672 2453 702 2512 su
728 2452 882 2515 infinuans
912 2460 1040 2519 tandem
1067 2482 1170 2523 exare-

133 2567 203 2646 prie
223 2562 321 2622 dictos
341 2561 469 2629 elatam,
491 2578 631 2640 porcam
671 2553 734 2615 scit.
777 2557 883 2619 Simile
907 2558 1051 2621 foliarum
1072 2584 1168 2646 genus

134 2665 259 2728 dictam.
314 2665 446 2725 Ponitur
467 2666 550 2722 enim
572 2661 631 2721 sul·
672 2655 714 2717 est
741 2662 775 2717 in
807 2659 872 2721 solo
899 2661 1000 2723 adhuc
1035 2670 1165 2742 inculto,

137 2788 190 2830 cua
215 2770 316 2841 varie,
359 2770 451 2828 etiarn
474 2785 533 2844 pro
563 2762 629 2844 ipso
671 2775 703 2819 vt
718 2761 812 2821 cultui
832 2765 982 2826 idoneum
1003 2770 1165 2832 reddatur:

134 2888 210 2955 agro
232 2885 338 2943 arato,
377 2867 531 2928 interdurn
551 2869 640 2949 qud
671 2883 726 2923 eae
759 2864 809 2926 vel
838 2882 980 2946 patenter
1014 2870 1084 2932 sunt
1117 2875 1166 2934 vel

132 2995 195 3058 que
220 2972 284 3034 sato
306 2988 337 3033 vt
361 2973 416 3031 inf.
454 2972 516 3032 216
539 2984 570 3028 et
590 2969 628 3031 al.
670 2984 788 3026 caecae.
818 2989 846 3026 v.
872 2970 993 3030 Colum.
1015 2972 1056 3046 11,
1082 2996 1111 3047 2,
1134 2997 1164 3055 9.

133 3092 166 3138 et
180 3097 239 3158 pro
257 3079 396 3136 aratione
410 3072 473 3154 ipsa
488 3072 552 3152 sup.
562 3072 612 3134 68.
671 3069 785 3130 Pallad.
801 3069 854 3144 Vt,
874 3076 903 3135 ὅ.
936 3075 1024 3134 Solet
1039 3099 1164 3162 quoque

189 3188 258 3256 114.
285 3179 410 3258 Spectat
426 3189 627 3259 praeceptum
670 3169 734 3230 solo
764 3169 893 3232 humido
915 3194 1010 3238 arena
1030 3184 1162 3241 admixta

131 3279 172 3339 ad
194 3299 302 3361 agros,
344 3284 377 3337 in
403 3277 513 3359 quibus
535 3295 627 3359 aqua·
668 3270 781 3334 humor
805 3274 948 3348 subduci,
987 3302 1048 3364 qua
1072 3283 1111 3344 de
1129 3306 1162 3345 ro

129 3401 200 3442 rum
218 3381 366 3441 colluuies
384 3381 462 3439 iacta
483 3380 559 3439 locis
576 3398 625 3437 ca·
668 3377 851 3439 cf.Dickson
871 3381 911 3441 de
930 3386 1160 3464 agricolatione.

129 3486 174 3542 vis
192 3504 228 3542 ac
239 3480 393 3563 depress'tt.
409 3481 545 3563 paludis
560 3481 625 3538 col·
671 3482 740 3541 115.
754 3483 889 3543 incertis
910 3485 1070 3560 menftbus
1085 3495 1161 3549 veris

130 3585 253 3646 Iactum
266 3585 455 3653 humorem,
486 3583 625 3662 Wzffer·
667 3596 699 3641 et
716 3590 883 3667 auctumni,
898 3590 985 3669 quod
999 3596 1072 3651 anni
1085 3608 1161 3652 tem.

124 3689 224 3770 galle.
268 3687 407 3747 Collecta
431 3701 462 3747 et
483 3683 623 3769 stagnans
666 3702 723 3765 pus
744 3692 878 3749 incertae
902 3692 1089 3773 tempestatis
1108 3693 1158 3755 est.

125 3791 257 3853 lacunae
278 3810 374 3873 aqua,
410 3795 508 3871 putria
529 3789 624 3849 collu-
666 3789 704 3850 cf.
722 3792 814 3852 Ouid.
837 3797 902 3854 Art.
925 3795 964 3868 ll,
985 3799 1067 3874 3183
1111 3796 1159 3857 hic

125 3899 208 3968 vies,
236 3893 396 3953 deducitur
419 3891 505 3953 sulcis
528 3912 622 3974 aqua·
664 3907 769 3957 tamen
792 3896 831 3956 de
849 3902 950 3958 vernis
971 3897 1159 3979 potiffimum

125 4002 177 4060 riis
210 4000 311 4070 iactis,
356 4018 433 4080 quos
475 3996 622 4055 collicias
663 4003 772 4079 agitur.
822 4003 908 4072 exit,
943 4019 1093 4086 euagatur
1119 4007 1159 4064 ri·

125 4102 230 4163 dixere
258 4100 336 4161 Plin.
366 4098 482 4168 xvttt,
510 4108 563 4178 49,
588 4100 619 4160 3.
661 4120 731 4182 pas,
752 4103 1009 4184 rtAcn.11,496
1029 4109 1158 4185 aggeri-

125 4204 247 4268 Colum.
269 4202 357 4279 11,8,
373 4206 411 4275 ὃς
452 4203 549 4264 elices
569 4222 618 4284 ap.
661 4201 722 4265 bur
755 4209 863 4288 ruptis
899 4226 973 4267 oum
996 4211 1157 4292 spumeus
