2692 4914
473 330 550 406 AD
582 333 884 412 BVCOLICA
1124 337 1201 413 235

145 541 175 579 v.
200 521 242 583 31
268 515 334 601 sqq.
362 515 545 598 Epicureum
569 518 681 602 dogma
702 524 855 601 proponi3
896 514 1033 600 liporro
1055 522 1192 608 Syronir,

145 619 325 702 philosophi
339 621 485 699 Epicurei
501 641 518 681 e
535 621 685 681 Cicerone
701 624 779 693 nori,
809 641 870 683 vnn
885 640 954 681 cum
969 616 1052 683 Varo
1068 627 1193 688 auditor

145 722 203 781 init
224 721 384 804 Virgilius.
429 724 508 781 Sunt
523 737 627 783 temen
641 718 834 802 haecomnia
848 736 911 782 tam
927 743 1034 803 pamm
1049 722 1208 799 bannim,

147 821 235 894 fidei,
260 838 293 882 vt
307 820 458 883 nibilillic
473 825 617 906 equidem
638 822 799 907 confidam.
844 824 961 886 Contra
982 845 1107 905 grauem
1131 829 1189 889 du-

146 914 331 984 bilationem
361 939 470 994 mouet
500 925 641 987 aduersus
664 915 743 987 hanc
760 921 894 986 Molioni
912 929 1094 1005 opinionem
1115 928 1187 1007 boc,

147 1028 232 1108 quod
248 1027 351 1086 Verus
365 1026 486 1108 Virgilii
500 1025 594 1086 nostri
610 1027 694 1089 bello
709 1028 805 1088 clerus
820 1028 895 1087 fuit:
922 1046 994 1086 nam
1010 1028 1145 1105 Eclvl,
1166 1051 1190 1113 7„

148 1142 257 1201 erum,
275 1130 336 1210 qui
358 1124 470 1185 dicere
490 1126 617 1196 laudes,
642 1129 680 1189 V
675 1149 744 1203 are,
774 1143 849 1188 tuas
869 1131 1006 1209 cupiant
1025 1145 1059 1189 ee
1079 1130 1188 1208 tristia

148 1228 291 1288 condere
313 1228 421 1289 bella:
455 1228 489 1288 id
509 1228 594 1312 quod
613 1233 648 1292 in
660 1230 846 1311 Epicureum
862 1230 951 1292 illum
966 1229 1186 1316 philosophum

149 1351 211 1394 non
233 1331 328 1392 cedit.

229 1461 269 1525 In
283 1463 356 1525 loco
372 1462 435 1524 Ecl.
452 1461 508 1538 IX,
524 1463 565 1526 35
585 1461 679 1547 vulgo
693 1459 869 1548 legebatur:
895 1464 983 1527 Nam
1001 1485 1109 1549 neque
1125 1466 1187 1528 ad-

150 1563 208 1624 ino
220 1567 306 1626 Vero
328 1564 447 1625 videor
468 1585 530 1624 neo
549 1562 660 1624 dicere
680 1566 786 1625 Cinna
800 1567 931 1644 Digna,
958 1566 1028 1644 fid
1046 1585 1186 1647 argutos

150 1671 233 1726 inter
258 1665 410 1749 strepere
442 1667 540 1746 arser
574 1666 687 1734 olores.
749 1667 783 1726 Si
802 1664 862 1727 boc
880 1681 964 1727 recte
984 1668 1015 1730 se
1037 1666 1185 1730 baberet:

151 1785 228 1830 recte
246 1770 394 1830 inferret:
424 1769 540 1828 Verum
561 1783 615 1828 eut
634 1781 764 1849 poetam
786 1783 838 1828 eut
859 1772 1027 1828 carminum
1051 1771 1186 1830 iudicem

152 1868 264 1932 bonum
286 1867 394 1940 fuiss03
428 1873 511 1950 prius
532 1869 609 1931 illud
630 1874 746 1939 verium
782 1889 855 1928 nam
876 1869 978 1929 Cinna
1001 1884 1092 1930 notus
1114 1870 1185 1932 sotir

154 1988 240 2053 poeta
258 1973 337 2045 luit,
369 1991 436 2031 non
460 1974 595 2042 criticum
630 1975 674 2032 ita
697 1991 771 2031 vero
797 1972 836 2031 de
859 1972 943 2030 Vero
967 1986 1061 2051 poeta
1085 1973 1188 2034 multo

154 2079 246 2135 unior
259 2071 414 2133 dubitatio
428 2072 625 2138 suboriretur.
672 2073 840 2133 Enimuero
867 2073 966 2133 multo
992 2064 1186 2153 probebrliut

156 2168 196 2247 fit,
232 2175 341 2236 Vario
361 2174 527 2258 legendum
553 2189 585 2236 et
604 2174 643 2235 de
660 2176 696 2232 L
717 2174 822 2236 Vario
846 2179 962 2256 tragico
979 2174 1082 2236 locum
1105 2179 1185 2239 acci·

156 2268 297 2355 piendum
313 2271 393 2348 elle,
422 2276 462 2336 de
483 2297 546 2359 quo
567 2297 595 2336 v.
617 2275 657 2336 cd
676 2275 793 2336 Donet.
809 2276 872 2335 vn.
888 2276 973 2360 Virg.
989 2275 1010 2339 s
1024 2279 1067 2339 3ο
1081 2291 1116 2337 οδ
1129 2279 1183 2342 53·

158 2391 241 2460 itque
252 2376 421 2438 sectmdum
437 2376 513 2438 baec
529 2377 634 2438 Vario
650 2374 781 2458 reposui.

229 2510 325 2592 Apud
344 2511 486 2569 Seruium
505 2510 545 2569 ed
563 2511 628 2569 Ecl.
650 2507 713 2582 1x,
731 2512 772 2572 35
793 2493 921 2592 legiturr
957 2507 1061 2581 „Nam
1080 2507 1182 2567 Verus

104 2638 106 2643 ⁸
159 2615 246 2673 victor
259 2628 292 2673 et
304 2613 364 2671 dux
379 2613 446 2685 hrit,
470 2616 518 2671 cui
530 2611 618 2692 supra
633 2611 815 2670 blanditur“
836 2614 917 2671 vnde
933 2610 1048 2691 colligit
1060 2603 1183 2669 doctill'.

159 2710 312 2774 Ruhnken.
328 2713 369 2772 ed
376 2714 485 2773 Vellei.
501 2735 532 2792 p.
545 2716 617 2790 564,
634 2715 749 2771 Verum
765 2733 837 2772 eum
850 2708 947 2784 fuisse,
963 2730 1028 2769 non
1042 2711 1179 2782 Verium,

161 2834 241 2895 quem
254 2819 360 2875 Acron
374 2830 476 2874 narrat
497 2815 536 2873 ed
553 2811 683 2873 Caffium
699 2813 893 2872 Pinnensem
915 2810 1118 2870 occidendum
1140 2809 1181 2867 ab

162 2915 283 2999 Augusto
302 2913 430 2976 millum.
474 2917 588 2974 Verum
612 2930 642 2974 et
661 2914 736 2972 illud
751 2913 897 2973 Scholion
915 2911 1043 2968 Acconis
1067 2923 1099 2967 et
1119 2907 1182 2968 boc

163 3014 247 3077 Seruii
267 3034 330 3078 tam
354 3022 594 3078 contaminatum
614 3014 657 3076 eli
679 3016 950 3074 Grammaticorum
972 3013 1094 3087 ineptiis
1101 3051 1111 3081 ,
1148 3023 1183 3069 vt

164 3123 201 3176 vir
220 3128 386 3203 quicquam
404 3122 477 3179 inde
499 3117 648 3179 conficies.
690 3116 726 3174 In
748 3115 916 3183 Sermonis,
945 3113 1081 3192 quisquis
1104 3109 1182 3169 illud

164 3224 304 3301 rppol‘uii,
325 3221 410 3304 quod
425 3221 529 3301 paullo
545 3235 616 3279 ante
630 3213 785 3295 adscripsi,
814 3212 938 3270 indocte
958 3208 1098 3292 exprelfir
1113 3214 1182 3275 llo-

165 3331 319 3385 rau'anum:
349 3323 507 3382 Scriberis
526 3321 630 3382 Vario
643 3321 749 3400 jonis
769 3329 802 3374 et
820 3311 958 3390 hostium
979 3315 1096 3372 victor.

233 3470 338 3535 Reliar
353 3494 412 3555 pm
426 3473 510 3533 Varo
526 3487 620 3552 poeta
636 3472 689 3552 qui
703 3465 870 3526 'memorari
892 3455 983 3542 polilt
1002 3460 1086 3520 locus
1104 3461 1183 3521 Oui-

104 3614 106 3645 ,
165 3573 198 3634 iii
213 3597 248 3636 ex
264 3578 367 3637 Ponto
384 3576 438 3647 lV,
461 3578 508 3647 16,
524 3577 562 3637 δι
585 3576 664 3631 Cum
680 3570 790 3628 Varus
807 3564 1040 3644 Gracchusque
1060 3561 1182 3623 darent

104 3658 106 3697 ἶ
158 3678 227 3754 sera
245 3677 337 3736 dicta
357 3678 514 3756 tymnmlr.
562 3676 636 3733 Duo
657 3671 885 3753 tragoediarum
905 3681 1043 3725 auctores
1062 3686 1182 3725 memo·

162 3787 212 3840 nri
231 3777 422 3840 manifestum
444 3775 494 3837 esu
550 3771 723 3836 Gracchum
742 3771 906 3852 Trogicum
928 3762 1054 3825 illustrat
1076 3766 1180 3827 Herns.

161 3882 194 3940 ad
208 3884 269 3943 e.l.
313 3884 393 3942 Cum
407 3883 493 3939 Varii
508 3875 653 3960 Thyestes
669 3889 730 3932 tem
750 3872 854 3933 nobile
875 3886 954 3946 opus
968 3868 1078 3936 luerit;
1106 3868 1182 3927 Vari
1234 3962 1237 3968 Ι

159 4000 252 4044 eutem
266 3985 389 4047 aliunde
405 3983 489 4042 nulle
503 3980 618 4061 proster
633 3979 799 4050 memoria3
819 3970 963 4052 equidem
983 3989 1049 4031 non
1072 3967 1180 4029 dubito

157 4090 187 4144 in
200 4086 321 4148 Nasone
335 4106 462 4171 quoque
480 4085 516 4143 V
511 4086 617 4140 arium
635 4075 826 4136 substimerez
847 4071 902 4135 etsi
921 4076 947 4167 ln
963 4071 1068 4155 paullo
1083 4073 1183 4128 maior
1214 4144 1217 4148 ι

155 4203 228 4246 natu
242 4187 300 4250 elle
316 4191 426 4250 debuit
438 4186 560 4247 Nasone
576 4198 685 4264 puero.

190 4273 332 4354 ‘rolli
746 4277 803 4337 ee
