2692 4914
877 193 885 221 ἱ

363 283 717 420 novcomcu
740 341 861 415 ocu.
881 343 942 418 1v
1094 373 1097 380 ι
1147 342 1248 486 97(

153 529 246 586 Ilaec
275 521 393 584 eadem
419 528 542 584 aetau's
569 546 712 599 aureas,
743 527 877 602 saeculi
902 528 1066 601 Saturnii,
1102 529 1191 593 bona

152 655 208 692 oon
222 635 361 691 u'tuunt.
419 631 595 690 Translata
617 653 658 690 ea
681 635 808 711 partim
826 633 875 693 ad
894 632 1054 713 Elysasm,
1089 639 1192 700 etad

108 791 111 795 .
149 738 402 821 Hyperboreos,
438 758 481 796 ae
496 739 622 810 similia
644 753 837 799 commenta.

225 877 306 935 Hoc
326 877 442 956 itaque
464 875 599 935 oraculo
620 890 652 935 et
671 877 831 936 uaticinio
845 874 909 952 seu
933 894 1115 938 commento
1137 885 1187 943 in·

147 982 277 1063 genioso
315 982 481 1058 Virgilius
519 980 688 1041 commode
720 983 795 1060 usus
829 983 907 1061 effe,
946 996 994 1055 et,
1031 1005 1117 1066 quae
1144 988 1188 1049 de

149 1105 257 1149 aetate
279 1109 410 1156 aurea,
441 1090 593 1169 inprimis
614 1089 658 1147 ab
680 1085 839 1163 Hefiodo,
869 1106 1112 1161 memorantur,
1138 1096 1187 1154 ad

148 1217 181 1255 oa
199 1209 378 1277 tempora,
398 1196 435 1251 in
455 1194 574 1275 quibus
593 1193 680 1253 lianc
702 1194 847 1273 eclogam
864 1193 1043 1270 scriberet,
1085 1202 1187 1262 etad

148 1305 251 1384 pueri,
268 1305 364 1360 circa
383 1299 422 1359 icl
435 1316 562 1382 tempus
581 1301 755 1378 nascituri,
776 1301 916 1369 natales,
937 1303 1028 1384 quast
1048 1326 1122 1365 eum
1142 1311 1186 1369 iis

149 1424 237 1468 aetas
266 1427 380 1466 aurea
407 1410 542 1465 initium
568 1405 725 1465 habitura
746 1405 811 1480 stt,
855 1409 1052 1490 transtulisse
1075 1414 1185 1475 videri

102 1548 117 1590 .·
148 1513 254 1579 'leben
301 1516 344 1573 In
368 1533 434 1594 quo
455 1510 586 1594 aliquid
594 1512 689 1589 sumi
709 1532 731 1569 a
746 1515 827 1570 viris
841 1511 947 1571 doctis
962 1514 1071 1585 video,
1094 1520 1185 1601 quod

153 1623 284 1680 omnino
307 1622 435 1702 neceeffe
465 1618 614 1698 effenon
638 1615 756 1684 video:
799 1619 917 1677 volunt
940 1623 1026 1677 euim
1041 1644 1183 1701 puerum

152 1729 354 1804 nesciturum
379 1726 462 1783 noui
480 1743 591 1783 rerum
611 1722 737 1783 ordinis
758 1738 923 1795 auctorem,
944 1741 1033 1782 certe
1048 1733 1181 1807 pignus,

150 1854 166 1890 a
179 1846 288 1913 poeta
319 1832 556 1908 pronuntiari:
592 1826 684 1912 quod
709 1831 759 1886 ita
778 1829 821 1906 se
841 1851 907 1888 non
930 1830 1038 1889 habet.
1093 1836 1181 1896 Tem.

149 1958 225 2018 pora
245 1937 377 2017 felicia
397 1939 448 1995 ait
469 1937 531 2018 effe
542 1934 749 2016 fiicceffiira,
786 1956 962 2018 eorumque
976 1937 1106 1997 initium
1122 1963 1182 2001 na.

151 2045 264 2103 talibus
283 2045 388 2125 pueri
408 2045 458 2100 ita
479 2039 636 2118 affignat,
663 2053 702 2098 vt
723 2059 797 2096 cum
816 2038 1086 2101 vitaehumanae
1103 2067 1181 2124 gra.

101 2222 103 2231 Ι
151 2147 237 2208 dibus
272 2170 318 2207 ea
351 2150 556 2205 incrementa
582 2145 739 2204 liabitura
770 2142 831 2225 effe
857 2141 1013 2218 ostendat.
1071 2153 1181 2232 Potest

151 2259 189 2315 ita
212 2259 299 2314 noui
318 2253 455 2331 saeculi
474 2251 643 2330 felicitas,
678 2271 720 2307 ex
738 2271 824 2332 paee
844 2250 1048 2328 Brundusina
1065 2255 1177 2336 dueta,

112 2370 115 2380 '
147 2361 344 2436 simpliciter,
367 2374 536 2440 tamquam
555 2357 714 2438 epochae,
741 2357 874 2434 alligari
886 2361 1053 2422 natalibus
1069 2351 1180 2445 pueri,

151 2472 197 2548 qui
223 2484 297 2527 tum
325 2464 597 2546 expectabantur.
648 2464 724 2522 Fuit
749 2467 837 2522 enim
865 2485 972 2523 annus
996 2465 1036 2527 V.
1055 2469 1087 2530 0.
1104 2479 1178 2549 714,

152 2576 218 2656 Coffi
236 2574 270 2633 C.
286 2571 407 2646 Asinio
424 2571 574 2629 Pollione
595 2583 627 2627 et
649 2571 704 2630 Cn.
721 2571 868 2628 Domitio
885 2571 1041 2639 Caluino,
1077 2590 1115 2632 vt
1137 2599 1180 2635 ex

153 2698 237 2742 uu,
262 2692 427 2758 inputet.
482 2678 532 2733 Eo
559 2678 672 2756 itaque
691 2697 799 2742 anno,
838 2676 910 2755 post
928 2677 1093 2751 summos,
1136 2704 1179 2739 ue

154 2785 260 2844 lelium
283 2785 385 2842 ciuile
411 2786 498 2839 iuter
523 2784 741 2838 Octauianum
767 2797 798 2838 et
819 2784 865 2839 M.
889 2782 1092 2851 Antonium,
1121 2791 1178 2867 qui

125 2891 128 2897 ’
154 2913 182 2950 a
200 2894 282 2967 Asia
308 2911 384 2948 cum
407 2890 509 2967 copiis
529 2890 565 2944 in
585 2887 719 2945 Italiam
740 2889 934 2958 traiecerat,
977 2889 1177 2965 recrudesce-

155 3015 209 3066 ret,
249 3013 378 3062 metus,
419 2997 623 3051 Maecenatis
651 3009 683 3050 et
705 2993 864 3049 Pollionis
888 3001 989 3069 opera
1016 2995 1177 3070 Brundifii
1240 3044 1242 3048 Α

153 3102 401 3183 pancompofita
421 3102 513 3179 fuit,
546 3104 637 3158 cuius
660 3097 749 3181 quasi
767 3099 888 3176 pignus
907 3099 1057 3164 Octauia,
1081 3104 1176 3159 Octa-

156 3216 235 3269 viani
260 3211 386 3287 soror,
427 3207 577 3264 Antonio
609 3209 645 3264 ia
681 3204 926 3260 matrimonium
965 3201 1089 3262 traditu
1121 3206 1176 3283 est.

157 3318 226 3375 Erat
242 3339 284 3374 ea
302 3336 344 3373 ex
361 3316 476 3392 priore
492 3316 630 3380 marito,
651 3309 829 3379 Marcello,
849 3306 1012 3384 grauida,
1032 3309 1070 3366 id
1086 3313 1178 3392 quod

159 3422 272 3496 disertis
294 3421 404 3477 verbis
422 3422 489 3477 Dio
517 3432 694 3488 memorat,
728 3415 782 3477 lib.
804 3415 955 3486 XLVIII,
980 3436 1006 3474 a.
1022 3419 1083 3482 51,-
1125 3423 1174 3478 in.

155 3529 269 3602 sontem
294 3529 389 3584 illum
412 3528 458 3582 M.
484 3525 698 3591 Marcellum,
747 3543 902 3600 generum
928 3543 1005 3580 mox
1023 3525 1173 3602 Augusti,

162 3631 440 3714 leqqueu.VI
457 3633 546 3689 locus
566 3630 684 3687 nobilis
704 3631 765 3706 est,
793 3629 912 3708 suiffe,
953 3645 1095 3707 putant:
1128 3653 1174 3690 an

166 3745 235 3796 ouini
256 3740 465 3798 dubitatione
480 3740 586 3794 maius
607 3737 669 3793 lioc
679 3735 744 3809 fic,
765 3757 832 3793 non
848 3757 922 3792 eum
937 3738 1076 3795 Caeroeo
1084 3779 1095 3804 ,
1116 3739 1174 3817 qui

164 3844 320 3914 subiectam
347 3847 434 3904 lianc
454 3844 559 3902 Badio
575 3842 726 3919 Ascenfio
749 3844 888 3923 aliisque
909 3845 1071 3900 rationem
1090 3859 1173 3901 tam·
1267 3899 1275 3911 ,

97 3961 100 3972 '
172 3969 246 4025 quam
266 3975 288 4010 a
307 3954 350 4028 se
378 3954 567 4034 profectam
591 3950 729 4027 mirifica
752 3953 903 4006 vanitate
931 3950 1054 4015 iactat,
1086 3946 1173 4007 deci·

96 4060 103 4092 ³
175 4053 230 4113 dere
248 4060 366 4134 ausim:
399 4059 485 4136 suut
508 4059 611 4121 enim,
649 4076 733 4134 quae
756 4072 871 4113 contra
895 4056 1020 4111 moneri
1043 4052 1169 4132 poffint.

96 4162 107 4200 ἓ
179 4157 235 4228 sed,
264 4189 400 4242 cumea
428 4185 513 4246 pace
535 4163 730 4242 confirmata
759 4161 891 4220 tandem
918 4160 1052 4240 publica
1081 4172 1171 4216 tran·

207 4266 285 4331 Tou.
307 4274 331 4335 Ι.
720 4270 744 4324 L
