2692 4914
691 164 704 199 b

712 202 736 239 Ο

128 334 181 431 96
332 341 374 414 P.
396 339 649 416 vmctun
674 281 938 415 Minoum

130 523 180 584 ad
200 524 339 607 Sibyllns
359 527 466 586 multa
482 527 645 586 vaticinia
666 527 875 607 referebant,
906 527 998 586 cuius
1020 527 1172 586 oraculo·

131 650 205 690 rum
232 636 364 710 generis
392 636 525 693 omnino
555 647 588 721 et
616 631 702 692 alias
727 635 816 691 inter
836 634 1003 692 Romanos
1025 642 1058 691 et
1089 649 1171 691 tunc

129 737 232 797 multo
254 741 360 816 magis
379 755 452 800 erat
475 759 599 816 magna
618 742 811 798 auctoritas.
873 738 1011 816 Collegit
1041 760 1086 825 ex
1108 739 1183 799 illa,

129 858 244 906 aetate
270 847 407 905 oracula
429 847 589 906 nonnulla
611 846 770 926 Sibyllina
796 844 966 904 Fabricius
994 845 1078 903 Bibl.
1111 846 1172 908 Gr.

42 1000 49 1011 .
134 953 388 1025 Tom.1‚lib.l,
410 952 684 1036 c.30„s¹.6sqq.
728 949 795 1011 Sed
813 971 884 1010 rem
894 951 983 1028 satis
1007 951 1063 1010 uel
1082 971 1173 1010 unus

131 1060 280 1120 Suetonii
301 1059 390 1118 locus
407 1062 521 1137 Octau.
544 1079 570 1120 c.
591 1061 629 1121 31
655 1058 823 1127 declamet
846 1079 921 1117 cum
941 1055 1112 1135 Augustus
1132 1058 1172 1118 li·

128 1164 255 1226 brorum
269 1165 463 1224 fatidicorum
478 1166 590 1224 Graeci
603 1167 766 1246 Latinique
782 1168 912 1246 generis,
941 1170 994 1245 qui
1009 1165 1102 1224 nullis
1117 1165 1171 1225 vel

127 1292 237 1353 perum
265 1271 385 1331 idoneis
414 1269 589 1330 auctoribus
612 1270 809 1342 ferebantur,
837 1271 945 1350 snpra
969 1270 1036 1329 duo
1060 1271 1171 1328 millia

128 1390 283 1439 contracta
299 1375 434 1459 vndique
448 1379 638 1436 cremauerit.
680 1377 804 1435 lamia
820 1395 938 1452 magno
953 1377 1011 1435 illo
1025 1397 1168 1433 numero

127 1484 362 1544 vaticiniorum
377 1497 410 1540 et
427 1483 655 1548 oraculorum,
685 1501 772 1562 quae
788 1483 914 1560 partim
926 1481 1168 1563 superstitione

126 1590 252 1666 partim
263 1587 447 1664 fraudibus
460 1587 630 1647 ltominum
648 1585 833 1659 celebrata,
865 1600 899 1645 et
911 1585 987 1660 siue
996 1586 1066 1663 sub
1089 1589 1168 1645 aliis

128 1695 317 1755 nominibus
336 1694 412 1772 siue
427 1694 495 1771 sub
519 1693 713 1774 Sibyllarum
736 1695 869 1750 nomine
886 1690 1003 1773 paffim
1025 1692 1168 1751 vendita

120 1802 241 1884 fuere,
265 1803 448 1882 vnumfuit
459 1799 612 1882 aliquod,
635 1799 727 1883 quod
745 1813 901 1877 magnam
920 1799 1072 1880 aliquam
1082 1799 1167 1877 feli·

131 1913 267 1968 citatem
286 1909 443 1987 suturam
464 1910 696 1988 promitteret,
740 1910 874 1989 eiusque
911 1904 1167 1987 descriptionem

129 2015 173 2073 ab
194 2017 252 2087 iis,
295 2035 381 2095 quae
411 2012 453 2072 de
474 2012 614 2090 saeculo
642 2032 745 2071 aureo
772 2013 1002 2091 memoraffent
1029 2028 1165 2092 poetae,

126 2127 346 2221 mutuaretur.
388 2120 473 2176 Erat
497 2119 567 2177 alia
589 2119 632 2176 ab
653 2119 800 2196 Etruscis
821 2121 975 2199 profecta
996 2120 1102 2199 fama
1125 2117 1168 2177 de

130 2240 203 2287 octo
215 2224 364 2302 saeculis
380 2226 653 2302 gentifEtruscae
676 2224 781 2292 datis,
803 2240 836 2283 et
860 2224 902 2284 de
912 2224 1053 2302 saeculo
1075 2246 1166 2284 nono

129 2331 209 2391 inde
230 2352 253 2388 a
274 2329 365 2390 Sulla
386 2330 520 2406 exorso,
554 2346 624 2389 tum
645 2329 688 2389 de
713 2330 857 2404 decimo,
886 2330 1021 2412 periodi
1039 2352 1166 2399 rernm,

132 2457 216 2522 quae
238 2451 305 2494 tum
327 2450 419 2504 erat,
440 2437 522 2517 sine.
552 2436 592 2514 cf.
609 2436 773 2512 Censorin.
796 2460 822 2501 c.
843 2459 890 2518 17.
935 2438 1106 2497 Plutarch.
1130 2441 1166 2495 in

132 2543 222 2602 Sulla
238 2563 272 2624 p.
285 2544 348 2619 456
377 2540 421 2601 Α,
441 2544 611 2624 Opinionis
628 2541 799 2621 vestigium
811 2542 952 2626 aliquod
963 2542 1058 2623 apud
1071 2545 1163 2604 Seru.

32 2632 59 2693 0
129 2646 177 2706 ad
195 2648 263 2710 Ecl.
277 2649 337 2719 IX,
353 2655 395 2726 47
438 2645 482 2724 esi
512 2646 555 2706 de
576 2651 658 2707 noni
676 2649 807 2726 saeculi
833 2652 923 2707 exitu
955 2665 989 2707 et
1017 2650 1164 2728 ingreffu

129 2752 256 2814 decimi.
306 2757 391 2814 Erat
418 2755 489 2813 ulia
517 2753 560 2813 tle
580 2776 702 2832 magno
725 2777 815 2814 anno
836 2771 988 2814 vertente
1009 2776 1029 2812 e
1049 2756 1165 2814 Plato-

130 2863 213 2919 nicis
241 2876 274 2921 et
303 2862 421 2921 Stoicis
449 2864 558 2944 petita
593 2865 721 2941 opinio,
769 2883 834 2945 quo
868 2864 1015 2921 omnium
1051 2883 1166 2920 rerum

130 2963 334 3037 dunniuloott
357 2984 390 3028 et
412 2961 655 3036 &nomiman
676 2967 752 3048 effet
769 2973 908 3049 ficturo,
936 2982 1006 3025 tum
1027 2967 1100 3026 alia
1122 2966 1166 3025 de

129 3095 247 3153 magno
275 3078 364 3152 Rege
396 3089 536 3133 uenturo
559 3074 684 3152 suma:
739 3073 806 3137 uid.
840 3075 972 3134 Sueton.
998 3074 1091 3151 Aug.
1113 3083 1165 3153 94.

126 3182 347 3262 ¹Quotcunque
378 3198 490 3239 autem
517 3183 553 3239 in
576 3180 639 3239 ltoc
657 3201 778 3258 genere
798 3179 1034 3262 descriptiones
1054 3200 1166 3238 nouae

118 3285 296 3363 felicitatis
318 3284 493 3352 habemus,
510 3285 586 3359 fiue
604 3291 640 3345 in
658 3290 800 3346 Orientis
812 3287 887 3361 fiue
909 3289 945 3346 in
963 3285 1106 3346 Graecis
1124 3307 1166 3347 aa

127 3389 282 3445 Romanis
296 3394 424 3469 poetis,
453 3411 565 3448 omnes
577 3394 658 3470 fere
680 3396 769 3451 inter
778 3393 822 3470 se
834 3393 960 3467 fimiles
971 3393 1081 3467 sunt:
1110 3393 1165 3452 be·

120 3487 209 3566 stiae
231 3512 272 3549 ac
289 3495 392 3571 ferae
413 3498 553 3566 cicures,
570 3497 745 3578 serpentes
759 3501 910 3570 innocui,
931 3501 1056 3578 fruges
1068 3500 1164 3558 nullo

128 3597 219 3652 cultu
242 3589 377 3670 enatae,
408 3620 500 3656 mure
517 3600 704 3678 placidum,
729 3603 778 3663 dii
790 3606 982 3686 praesentes
1003 3609 1041 3662 in
1064 3609 1167 3666 terris

126 3699 261 3779 aliaque
279 3703 438 3762 eiusmodi
458 3707 494 3762 in
516 3709 666 3767 omnibus
687 3686 922 3772 memorantur.
965 3711 1107 3771 Nullum
1127 3715 1167 3772 in

123 3802 174 3861 Itis
197 3803 397 3884 phantasma
426 3807 489 3883 est,
537 3813 629 3892 quod
654 3836 720 3872 non
743 3838 833 3876 mens
857 3817 1007 3874 lturnana
1036 3839 1165 3896 magno

124 3924 212 3968 metu
235 3925 389 3970 contactu
409 3920 580 3995 concipere
596 3919 708 3999 poffic,
738 3921 836 3995 fiad
856 3927 948 3981 vitae
963 3924 1177 4006 fmplg'cim.

126 4028 207 4085 tem,
241 4036 263 4071 a
280 4016 423 4094 pestibus
444 4036 477 4078 et
495 4024 590 4081 malis
611 4046 807 4105 magnarum
827 4029 958 4087 urbium
974 4046 1009 4090 et
1024 4053 1183 4108 magno-

123 4139 197 4178 rum
226 4123 439 4203 imperiorum
463 4127 658 4200 liberatam,
705 4137 910 4213 cogitatione
924 4136 970 4215 su
998 4140 1189 4200 retulerit.
