2700 4906
143 291 219 372 584
290 321 296 331 ·
347 284 389 358 P.
411 281 667 357 VIRGILII
693 281 960 397 MARONIS

146 471 262 577 lpfiue
291 475 332 544 iu
357 467 461 544 voltu
486 471 608 541 varios
635 493 761 542 errare
786 467 954 559 colores;

147 607 355 685 Caeruleus
376 604 544 705 pluuiam
573 601 785 693 denuntiat,
827 600 958 703 igneus
979 603 1115 678 Euros.

119 727 122 734 ¹
149 747 215 823 Sin
236 739 404 816 maculae
423 741 603 838 incipient
623 737 734 812 rutilo
760 735 988 813 inmiscerier
1016 739 1114 836 ignit

151 883 288 957 Omnia
311 893 402 948 tunc
422 877 560 972 pariter
578 890 690 947 vento
711 874 925 974 nimbisque
946 869 1092 945 videbis
1117 869 1189 956 455

150 1017 330 1089 Feruere:
354 1033 433 1080 non
452 1005 516 1078 illa
538 1011 737 1108 quisquam
754 1033 816 1082 me
836 1025 951 1082 nocte
978 1029 1050 1105 per
1075 1006 1190 1080 altum
1220 1000 1222 1004 ’

150 1129 258 1242 Ιιε,’Ι
273 1165 400 1241 neque
421 1166 444 1212 a
469 1159 566 1214 terra
591 1159 744 1216 monent
770 1140 987 1216 conuellere
1012 1137 1156 1215 funem.

152 1280 202 1354 At
215 1277 253 1368 st,
283 1300 400 1376 quum
414 1274 627 1375 referetque
641 1275 752 1366 diem,
781 1275 1000 1377 condetque
1019 1274 1189 1365 relatum,

99 1485 103 1497 ’
218 1466 271 1533 455
292 1465 443 1520 Caeruleos
456 1460 531 1516 Leid.
554 1461 627 1516 alter.
673 1466 809 1518 Caerulus
820 1466 899 1536 Reg.'
968 1463 1022 1530 454
1040 1463 1072 1516 st
1093 1464 1189 1517 Roma·

151 1567 212 1606 naa.
248 1556 390 1619 incipiunt
405 1549 504 1602 Medic.
518 1546 635 1601 Gudian.
650 1548 724 1603 Leid.
747 1569 787 1622 pr.
804 1568 818 1602 a
834 1570 869 1602 m.
883 1566 940 1622 pr..
968 1546 998 1600 it.
1018 1547 1101 1619 apud.
1124 1549 1189 1603 Pio.

152 1635 268 1709 aliquot:
301 1651 341 1695 et.
367 1631 499 1707 firaliquu
520 1631 579 1686 ioca
603 1633 636 1688 ad
657 1632 726 1686 idem
747 1650 850 1709 tempus
874 1649 1050 1694 reuocentur,
1089 1633 1189 1688 doctina

149 1721 189 1776 ita
201 1721 301 1774 dictum
315 1717 433 1773 arbitaor.
468 1718 610 1788 misezerier
623 1718 695 1771 Laid.
711 1719 784 1795 alget,
799 1721 889 1774 Branc-
904 1717 1016 1774 Mentel.
1030 1734 1058 1772 et
1073 1719 1188 1774 Gudiau.

150 1806 225 1861 alten
307 1806 359 1873 455
379 1824 441 1858 rum
468 1813 578 1876 pariter
599 1803 689 1857 Franc.
730 1820 787 1858 tum
808 1806 888 1861 Rern.
968 1806 1022 1873 457
1042 1806 1081 1858 ab
1106 1821 1189 1866 terra,

148 1890 240 1951 ‚Valen
255 1890 358 1943 Probus
370 1895 423 1945 Art.
440 1888 587 1943 Grammnt.
602 1890 623 1941 1.
660 1905 690 1942 at
710 1891 809 1944 Medic.
845 1904 958 1943 moueat
980 1888 1054 1944 idem
1069 1908 1085 1943 a
1100 1910 1136 1945 m.
1149 1910 1187 1962 pr.

150 1993 179 2032 et
195 1978 231 2031 ita
245 1974 332 2029 edidit
344 1975 489 2033 Cannaene.
507 1993 556 2026 nec
570 1971 699 2044 probante
707 1976 801 2028 Burni.
833 1974 988 2047 infrequens
1001 1977 1122 2048 quidem,
1140 1995 1189 2032 nac

149 2076 243 2121 umen
258 2059 387 2122 insolam,
414 2073 529 2112 moueat
549 2061 726 2122 conuellere,
752 2078 908 2133 permoneat
919 2079 945 2117 vt
959 2059 1072 2116 [cluam.

152 2222 320 2299 tiutquam
334 2212 405 2276 effe.
431 2215 596 2292 [pia-455.
612 2216 656 2276 ex'
692 2217 763 2276 Neu
793 2215 891 2295 dorso
919 2219 1066 2278 nemoris
1091 2218 1189 2279 liceat

151 2321 236 2384 Aret.
262 2317 398 2378 Diosem.
436 2336 495 2376 102
514 2347 557 2361 -
580 2336 648 2396 107.
691 2317 826 2398 iacmffe
839 2340 903 2401 per
923 2320 1072 2380 herbam.
1112 2321 1189 2382 Sub·

154 2423 214 2484 ain
228 2419 401 2480 maertlae:
422 2414 467 2477 sm
481 2421 649 2498 permixtae
691 2420 787 2481 lectus
807 2436 911 2483 tamen
933 2439 963 2484 et
982 2426 1006 2483 is
1020 2423 1135 2485 Arato:
1156 2439 1188 2483 rt

149 2529 239 2610 inter·
260 2522 290 2583 se
320 2535 412 2583 eruut
434 2534 467 2580 ct
490 2525 597 2602 nigrae
619 2537 651 2581 et
691 2528 725 2583 in
739 2523 854 2586 Phaen.
874 2527 935 2607 287
962 2521 1013 2610 Μῆ
1036 2526 1124 2610 κείνῳ
1147 2525 1189 2590 dvi

149 2627 274 2695 mulae,
322 2625 397 2685 Mox
411 2625 482 2700 Υ455
509 2608 651 2681 Feruere
690 2626 761 2707 μην)
820 2621 1008 2713 τερικλόζοιο
1068 2622 1188 2691 deida-

151 2731 325 2814 eleguntiut
358 2746 472 2810 quam,
519 2726 649 2806 impleri.
683 2751 744 2811 ,σης
766 2744 844 2802 etc,
879 2730 1004 2811 dequo
1028 2730 1101 2793 loco
1129 2735 1188 2798 iarn

150 2833 185 2893 Si
213 2836 298 2893 venti
333 2846 366 2892 et
397 2829 496 2890 nimbi
526 2848 648 2910 quaqua
690 2830 858 2914 Longius.
882 2835 1078 2914 26monuit;
1115 2837 1187 2894 item

150 2934 252 2996 versus
281 2935 420 3008 seruent,
467 2946 499 2991 vt
519 2930 558 2991 vs.
585 2934 647 3011 327
690 2936 953 3012 415154525.
997 2936 1100 2995 Etiam
1123 2936 1186 2994 elii:

151 3057 281 3119 aequor
298 3038 414 3098 dictum
428 3036 578 3115 seruere,
609 3034 648 3095 de
689 3037 819 3095 Nicand.
844 3035 938 3097 Ther.
968 3045 1037 3114 124.
1069 3038 1187 3100 Gallim.

150 3160 267 3222 magno
293 3155 382 3201 motu
410 3153 441 3198 et
470 3141 646 3219 agitatione.
690 3139 905 3217 inDian.r75.
917 3138 1056 3199 Maneth.
1067 3142 1106 3214 V,
1117 3162 1186 3201 202.

150 3241 189 3302 In
223 3242 281 3302 illis
317 3257 436 3303 autem:
486 3261 554 3297 non
588 3239 648 3298 illa
691 3241 792 3321 Quid!
819 3241 904 3324 quod
920 3238 1022 3301 similis
1040 3244 1187 3303 formain

151 3345 328 3424 quisquam
366 3362 419 3400 mc
458 3355 556 3399 nocte
589 3355 647 3401 etc.
690 3343 829 3402 Homero
853 3347 986 3403 occurrit
1018 3342 1125 3429 Odyff.
1147 3370 1185 3424 μ,

149 3443 250 3505 suauis
265 3447 425 3515 orationis,
444 3446 582 3522 inprimis
603 3459 648 3504 te·
693 3449 752 3508 106
773 3446 812 3505 de
834 3444 1006 3528 Charybdi:
1048 3442 1092 3531 μή
1114 3439 1186 3523 aira

148 3550 284 3620 nnioris,
332 3545 497 3605 variandae
543 3546 647 3607 color:
687 3546 770 3609 κεῖθι
786 3541 900 3628 τύχοις,
925 3535 977 3611 ίε’τε
991 3544 1185 3632 §nasidienum

23 3680 26 3685 ·
147 3645 250 3711 fimilis
272 3649 345 3708 illia:
374 3647 645 3729 Georg.11,315
686 3649 762 3710 Mox
778 3665 924 3718 moneat,
941 3647 1094 3727 hortator,
1116 3672 1185 3713 auo·

148 3751 218 3812 Nec
233 3750 296 3813 cibi
309 3749 539 3834 comprendens
558 3754 645 3833 quio
688 3766 738 3813 tor
757 3749 801 3813 fit.

58 3884 61 3890 ·
149 3871 252 3936 quam
291 3851 494 3934 persuadeat
527 3869 646 3913 artctor
749 3857 956 3934 458-460.
983 3855 1016 3914 Si
1038 3877 1132 3917 mane
1154 3869 1183 3929 et

152 3946 375 4020 Tellurem·
407 3976 547 4022 monere,
582 3957 643 4033 111,
686 3957 804 4038 vesperi
826 3958 869 4020 sol
889 3978 983 4039 purus
1007 3961 1066 4018 erit
1088 3978 1124 4017 ac
1141 3956 1182 4017 se·

147 4059 228 4146 455..
241 4061 299 4148 ,Νι
326 4059 408 4147 milei
433 4073 508 4130 eum¹
530 4059 645 4148 molles
685 4081 777 4122 renus
784 4104 795 4134 ‚
825 4077 942 4122 certum
963 4059 994 4134 id
1016 4059 1181 4121 serenitatis

136 4162 207 4244 sub
239 4161 297 4227 dio
330 4182 469 4250 carpere
492 4162 644 4240 somnos,
683 4167 796 4247 pignus
807 4182 898 4247 puta;
915 4162 1011 4225 flante
1023 4162 1178 4247 aquilone,
