2692 4914
260 336 311 414 52
481 325 794 405 P.»V‹IRGILII
822 325 1084 403 MARONIS

258 527 360 587 'ticina
376 516 444 580 diei
459 515 573 599 paffet.
617 519 710 575 Inter
722 519 944 584 Mantuanos,
974 517 1032 597 arsi
1044 515 1132 573 hanc
1146 512 1295 572 iniuriae

256 630 491 706 indignitatem
504 621 678 700 subirent,
713 620 890 701 Virgilium
901 621 1008 702 suiffe
1028 619 1190 680 tradunt:
1218 640 1295 679 eum

260 751 389 806 tamen,
415 727 490 805 siue
525 750 566 788 uo
579 727 655 803 siue
667 726 776 803 Asinii
789 729 951 787 Pollionis
966 726 1116 803 consilio,
1151 729 1296 787 Romam

255 843 444 927 profectum
464 834 507 893 ab
528 833 677 912 Augusto
701 835 890 915 obtinuiffe,
917 849 955 893 ut
973 837 1049 912 agri
1059 832 1127 909 fsbi
1147 830 1295 910 restitue·

260 963 393 1011 rentur:
421 962 488 1024 qua
509 939 551 1000 de
565 962 601 998 re
620 962 651 999 v.
667 940 714 998 ad
728 943 765 1002 V
761 945 843 1000 itam
860 941 1041 1018 Virgiliia.
1058 943 1132 1017 713,
1153 955 1192 998 ut
1205 937 1295 998 adeo

248 1055 316 1135 sub
339 1051 440 1130 Tityri
452 1049 594 1130 persona
607 1047 708 1124 fitam
722 1048 901 1128 fortunam
913 1061 1014 1122 poeta
1029 1045 1293 1108 adurnbrauerit.

257 1163 373 1241 Atque
395 1175 436 1212 ea
461 1158 528 1212 iam
553 1167 700 1212 veterum
721 1156 831 1236 opinio
853 1154 937 1233 fuit
960 1172 991 1211 u.
1011 1152 1193 1227 Nemesion.
1223 1152 1295 1214 Ecl.

258 1267 303 1332 ll,
317 1268 367 1325 82.
408 1260 723 1341 Calpurn.IV,162.
782 1258 893 1318 Sidon.
915 1260 970 1318 lib.
993 1262 1021 1332 Ι,
1054 1257 1152 1338 Epist.
1175 1262 1214 1327 5,
1256 1272 1295 1319 vt

262 1367 524 1453 Quinctilianum
539 1379 677 1426 taceam.
711 1365 805 1446 Quae
822 1386 874 1424 res
886 1365 969 1424 bene
978 1367 1021 1443 se
1036 1361 1296 1447 liaberepotest:

259 1473 358 1538 modo
377 1473 539 1550 allegoria
560 1493 627 1530 non
649 1468 697 1528 ad
716 1491 827 1530 omnes
845 1473 958 1549 uersus
979 1485 1012 1530 et
1033 1471 1138 1529 uerba
1156 1469 1295 1549 singula

259 1580 523 1660 circumferatur.
582 1577 884 1637 Grammaticorum
905 1580 1103 1661 omninoque
1128 1581 1296 1658 interpre-

262 1706 332 1752 tum
339 1729 351 1757 ,
370 1689 407 1744 in
427 1684 479 1743 luis
495 1684 644 1752 Catroei,
664 1683 889 1744 intolerabiles
898 1687 984 1763 sunt
1002 1687 1038 1743 in
1059 1684 1224 1763 allegoria
1239 1703 1295 1741 ea·

258 1790 427 1881 pedienda
454 1793 609 1868 argutiae
633 1804 666 1849 et
693 1809 811 1867 nugae.
871 1792 978 1850 Locus
996 1805 1129 1860 autern,
1171 1793 1209 1850 in
1229 1811 1295 1872 quo

258 1899 405 1987 pastores
426 1898 648 1965 conueniunt,
683 1894 728 1973 est
751 1895 800 1957 ad
818 1896 1003 1975 umbrosam
1012 1899 1140 1978 fagum
1161 1898 1199 1956 in
1222 1898 1296 1956 loco

260 2005 435 2070 arboribus
462 2000 600 2078 consito,
635 2001 704 2079 sub
731 2025 799 2086 qua
824 2006 952 2084 Tityrus
979 2003 1140 2063 recubans
1155 2002 1298 2087 pastori·

260 2117 311 2177 tio
333 2124 433 2171 cantu
457 2110 561 2167 otium
580 2110 758 2185 consumit,
786 2108 866 2169 deiru
882 2131 1015 2190 gregem
1033 2126 1199 2169 errantem
1217 2131 1297 2191 pro·

251 2221 364 2303 spicit.
410 2215 514 2292 Versu
531 2230 641 2273 tamen
657 2218 797 2297 52-59
818 2221 1006 2277 accuratius
1019 2216 1216 2295 describitur
1231 2217 1298 2276 loci

259 2325 461 2408 prospectus,
481 2334 515 2378 et
530 2336 689 2403 quantum
701 2343 733 2381 u.
748 2328 800 2401 48.
810 2331 851 2404 49
871 2331 1011 2407 quamuis
1027 2325 1103 2404 lepis
1118 2333 1223 2383 omma
1238 2343 1298 2383 nu·

260 2432 320 2491 dus
336 2462 378 2474 -
389 2426 599 2506 intelligitur,
621 2449 663 2486 ex
676 2428 746 2509 ipsa
762 2449 872 2489 rerum
885 2434 1037 2492 ueritate.
1062 2428 1124 2489 Ad
1137 2432 1300 2488 maiorem

260 2540 314 2595 rei
332 2532 571 2594 iucunditatem
590 2537 683 2614 sacit
705 2539 876 2595 contraria
902 2538 1041 2595 alterius
1060 2534 1204 2616 pastoris
1220 2537 1299 2615 sor·

263 2658 366 2708 tuna:
386 2660 472 2723 quae
485 2640 727 2718 miserationem
740 2657 881 2712 mouet,
897 2659 930 2702 et
948 2664 1016 2727 qua
1032 2643 1118 2701 nitu
1143 2640 1180 2699 di
1195 2643 1298 2700 ertius

261 2747 311 2808 ad
321 2749 424 2829 Tityri
429 2748 629 2828 felicitatem
645 2745 876 2825 illustrandam
889 2753 1142 2810 commemorari
1149 2763 1297 2831 poterat.

346 2924 430 2984 Sunt
450 2935 561 2981 tarnen
581 2913 691 2981 multa
704 2923 741 2980 in
761 2923 974 3003 ltac'ecloga,
1004 2926 1041 2984 in
1059 2923 1178 3007 quibus
1186 2923 1299 3001 subti-

261 3027 326 3088 lius
341 3045 465 3112 poetae
485 3028 646 3090 iudicium
666 3028 835 3106 desideres.
877 3032 1026 3091 Primum
1045 3031 1150 3113 ipsum
1164 3031 1230 3090 hoc
1240 3051 1298 3108 ge·

261 3155 323 3194 nus
344 3140 551 3216 argumenti,
578 3134 685 3219 quod,
718 3135 776 3211 etsi
796 3152 860 3219 pro
880 3158 973 3197 mera
993 3136 1157 3216 allegoria
1179 3137 1299 3197 itaberi

260 3244 392 3321 nequit,
434 3241 483 3301 ad
510 3243 706 3320 allegoriam
735 3257 847 3302 tamen
880 3243 1123 3327 qrtodamrnodo
1152 3244 1296 3314 accedit,

260 3344 412 3428 adeoque
431 3349 464 3413 in
480 3365 640 3430 perpetuo
661 3370 772 3410 rerum
791 3371 834 3410 ao
846 3351 1023 3410 verborum
1044 3352 1115 3429 lusu
1130 3352 1296 3429 uersatur,

260 3454 320 3510 uix
333 3452 421 3528 satis
445 3475 601 3534 magnam
624 3457 827 3534 grauitatem
855 3479 897 3516 ac
922 3456 1121 3537 dignitatem
1147 3477 1298 3540 unquam

244 3555 383 3636 babere
405 3563 518 3639 potest.
561 3563 630 3622 Nec
647 3565 683 3620 in
704 3584 742 3622 eo
761 3569 873 3646 potuit
888 3570 980 3626 uitae
1001 3565 1140 3644 rusu'cae
1155 3564 1299 3647 propria

259 3667 312 3724 vis
325 3684 367 3722 ac
388 3669 475 3724 ratio
498 3668 519 3747 (
521 3670 745 3728 characterem
766 3674 911 3755 uocant)
932 3688 1021 3731 recte
1030 3673 1179 3751 serstari.
1228 3671 1299 3732 Via

260 3789 281 3829 e
297 3771 441 3850 persona
464 3776 603 3852 pasioris
634 3777 817 3859 apotheosis
851 3781 911 3838 illa
946 3781 1020 3837 lteri
1044 3780 1134 3858 satis
1161 3777 1298 3860 placere

260 3877 374 3957 potest.
404 3879 613 3959 Comparatio
627 3888 805 3962 autemseu
820 3887 982 3964 allegoria
995 3907 1062 3944 non
1075 3885 1199 3967 ubique
1211 3905 1298 3944 com·

262 3982 360 4044 mode
368 3983 529 4064 procedit,
591 3991 643 4048 Sic
655 4013 686 4050 v.
703 3996 742 4054 28
763 3995 911 4073 Tityrus,
935 4009 973 4053 vt
992 3993 1181 4053 libertatem
1194 3993 1298 4069 suane

262 4093 433 4172 impetret,
453 4093 590 4151 Romam
595 4099 814 4176 proficiscitur
820 4121 832 4169 ;
866 4099 992 4158 obtinet
1007 4099 1052 4159 ab
1066 4098 1298 4160 lieroliberta·

259 4211 331 4258 tem
349 4215 466 4276 greges
480 4192 660 4280 pascendi:
698 4204 781 4288 quid
800 4207 996 4266 mirabimur
1009 4207 1073 4268 ltoc
1083 4210 1241 4291 factstm',
1258 4198 1309 4287 fi
