2692 4914
133 301 208 399 372
358 305 402 378 r.
425 304 670 380 vtnornn
698 301 962 380 utnours
1069 344 1073 349 -

134 492 182 562 Et
208 485 282 561 loln
305 492 345 563 in
369 486 463 566 [icco
488 489 610 566 lecum
638 489 812 591 spatiatur
834 512 962 562 arena.

135 626 195 699 Ne
216 593 397 698 nocturna
416 624 569 724 quidem
585 643 778 724 carpentes
794 621 905 723 pensa
920 621 1080 722 puellae
1104 621 1175 718 390

138 755 337 833 Nesciuere
359 758 539 831 hiemem:
577 757 667 832 testa
688 783 806 858 quum
825 732 986 830 ardente
1005 755 1177 830 viderent

139 892 347 971 scintillare
376 893 521 983 oleum,
565 911 604 966 et
622 897 740 992 putris
762 887 1008 966 concrescere
1031 889 1175 989 iungoc

202 1030 283 1102 Nec
302 1031 423 1100 minus
446 1051 493 1100 ex
514 1025 624 1098 imbri
647 1025 739 1100 soles
765 1043 803 1100 et
822 1043 951 1126 aperta
975 1024 1110 1101 serena

208 1241 259 1310 389
277 1237 339 1294 Post
361 1240 434 1293 ltunc
455 1239 554 1294 versum
575 1241 677 1296 addunt
694 1241 830 1295 nonnulli=
875 1245 917 1296 At
938 1258 1031 1315 eaput
1057 1241 1177 1295 obtenu

142 1328 288 1399 querulum
310 1327 488 1378 venientibus
510 1327 611 1388 undis,
642 1343 668 1380 vt
682 1327 710 1379 in
724 1330 812 1382 Frtnc.
827 1328 899 1382 Leid.
914 1327 1052 1389 etVoss'„
1082 1327 1113 1378 in
1130 1326 1177 1376 lite

20 1462 24 1473 ,
141 1411 263 1482 quidem,
290 1426 353 1464 vtet
369 1412 394 1464 in
409 1411 512 1464 Bodlei.
534 1427 559 1465 et
578 1431 628 1465 vno
645 1412 784 1476 Arundel„
810 1412 903 1485 postu.
920 1414 982 1468 388·
1028 1415 1061 1466 ln
1082 1407 1175 1464 Medic.

142 1495 214 1551 eud.
227 1494 335 1550 Mentel.
347 1494 467 1548 Parthas.
484 1497 513 1549 in
533 1498 648 1568 margine
658 1514 713 1552 erat
732 1497 848 1570 scriptun.
885 1498 950 1570 [leg.
964 1514 991 1552 et
1005 1496 1100 1552 mad.
1118 1511 1176 1548 eon

141 1581 184 1634 ed.
207 1581 328 1635 Norimb.
347 1580 493 1635 habebant:
523 1585 560 1636 Et
584 1599 675 1652 caput.
727 1584 757 1636 ln
778 1582 902 1636 Cunttbr.
924 1585 1018 1638 deerat
1046 1584 1175 1636 oblectat·

143 1667 287 1723 Conlectut
304 1664 386 1720 versut
405 1685 419 1718 e
440 1685 463 1718 v.
483 1668 541 1721 386.
628 1669 678 1737 390
696 1670 757 1721 Nec
778 1668 864 1740 vulgo.
914 1670 960 1721 Ne
979 1668 1084 1722 Medic.
1107 1663 1175 1720 Gud.

143 1753 253 1810 Mentel.
269 1773 307 1826 pr.
323 1769 348 1806 et
361 1753 457 1806 Monet.
478 1772 534 1822 pr..
554 1751 617 1805 item
633 1753 728 1812 Rom..
754 1770 878 1825 perpetuu
897 1752 1008 1824 quidem
1028 1752 1176 1806 comotione·

144 1840 266 1899 Debehnt
291 1856 378 1895 tumen
399 1840 485 1909 vtique
507 1853 532 1890 et
550 1839 577 1892 b.
599 1837 617 1890 l.
638 1838 755 1911 placere,
795 1855 820 1892 vt
839 1838 885 1894 uiti
910 1837 983 1894 docti
1012 1837 1070 1896 iere
1086 1835 1177 1906 vtique

143 1925 321 1984 restituerunt:
349 1939 426 1995 atque
446 1920 481 1976 lic
501 1924 552 1979 itm
571 1914 718 1999 Naugerius
736 1923 866 1984 edideram
887 1943 949 1992 ergo
968 1924 1097 1996 sequutut
1115 1919 1174 1974 iun·

142 2013 191 2082 ³9¹
215 2030 275 2065 cum
296 2005 365 2078 etsta
386 2007 511 2060 Rottentl.
534 2006 582 2062 [ec.
657 2002 1083 2080 393extmbressolu1³ieriui
1097 2027 1113 2060 e
1125 2007 1175 2061 lio·

144 2116 225 2152 meno
241 2110 267 2148 et
282 2091 415 2144 nonnullis
431 2092 559 2163 antiquit,
580 2095 652 2162 quod
667 2095 758 2166 recipit
772 2096 918 2158 Martinus,
939 2114 988 2156 ne.
1010 2113 1075 2148 cum
1088 2107 1174 2146 moto

145 2180 206 2238 toti·
227 2194 254 2235 et
272 2175 384 2233 fidorum
403 2176 505 2247 fulgore
527 2178 656 2250 preelegit
677 2181 804 2254 capiendo
824 2181 960 2244 dicontur,
994 2180 1092 2254 plnuio
1104 2175 1173 2233 coelo

142 2355 258 2412 vocat,
295 2358 354 2418 pro
376 2335 535 2417 improbe,
574 2339 635 2397 cln-
678 2340 790 2413 crescit,
813 2345 1016 2405 concretione
1035 2342 1171 2402 diuinare

142 2446 229 2512 moi-e
249 2438 411 2519 improbo,
428 2441 537 2510 nimio,
561 2459 635 2499 con·
677 2459 801 2504 norunt.
854 2443 969 2504 Oleum
989 2443 1167 2520 scintillat,

143 2551 229 2613 tinua
243 2546 553 2622 crocitationeenque
568 2542 635 2600 odi·
677 2543 706 2604 h.
723 2544 844 2605 flamme
864 2546 936 2606 oleo
959 2528 1091 2608 nutcitu.
1126 2560 1169 2604 te·

62 2654 108 2719 ὀ
143 2649 212 2719 oin:
255 2646 314 2709 vid.
344 2645 408 2726 sup.
444 2645 483 2706 nd
509 2665 535 2703 v.
564 2648 632 2720 145.
667 2647 724 2726 sta
744 2644 786 2707 est
808 2647 933 2709 lucerna
955 2647 1069 2712 fictilis.
1119 2648 1169 2707 Vi·

140 2754 242 2839 plena
263 2768 363 2816 voce,
391 2767 408 2807 e
423 2748 518 2828 pleno
532 2761 636 2829 guttu·
677 2749 748 2823 des,
771 2750 1035 2832 quemadmodum
1050 2773 1117 2812 rent
1131 2752 1170 2811 vi·

140 2878 175 2920 te
183 2901 193 2930 ,
211 2855 306 2916 Gallis
317 2866 417 2928 gras:
440 2848 548 2930 xxxin
564 2842 636 2933 xpoi·
676 2851 738 2910 lem
771 2872 836 2911 non
873 2851 1005 2935 ignobili
1032 2857 1170 2916 oratione

144 2955 242 3047 <om
291 2956 367 3018 Eam
407 2971 529 3010 vocare
563 2952 636 3031 plu.
678 2950 860 3033 exprellerit.
916 2956 986 3016 Nec
1009 2961 1114 3017 minus
1130 2971 1171 3014 tt·

143 3065 250 3127 uiam,
274 3077 366 3138 quern
381 3055 552 3123 denuntiat,
575 3058 635 3112 iam
677 3077 749 3116 men
764 3055 844 3117 bene
866 3057 1043 3137 etcopiose
1065 3061 1169 3121 tratur

144 3164 265 3223 Lucret.
275 3160 391 3218 dixerat
399 3158 437 3229 V,
452 3159 635 3233 10841085.
677 3158 717 3220 tt.
730 3168 791 3236 244
803 3190 836 3203 -
849 3161 919 3236 248.
938 3160 1002 3221 302
1013 3158 1078 3243 sqq.
1096 3157 1170 3223 adde

135 3264 214 3342 sola
225 3260 343 3337 secum
353 3260 502 3340 spatiari
514 3258 634 3328 dicitur,
679 3259 982 3338 Plin.xv111,l.84.
997 3259 1035 3325 cf.
1052 3259 1168 3344 Apulei.

144 3364 217 3432 sola,
240 3380 307 3421 non
321 3365 480 3444 gregatim,
503 3350 636 3442 ἢπολλῆ
678 3361 754 3427 Met.
772 3362 809 3433 ΙΙ,
829 3365 875 3427 ι8.

145 3465 311 3548 στρέφεται
341 3460 412 3546 παρ’
448 3449 542 3544 lidum
587 3476 636 3522 vtt
742 3466 805 3542 393
828 3498 867 3509 -
889 3470 962 3541 414.
993 3463 1170 3547 Sequuntur

145 3570 244 3634 lecum
267 3565 327 3627 elle
335 3610 345 3639 ,
370 3564 516 3629 habitare.
679 3563 833 3647 praesagia
852 3565 1034 3627 serenitatis:
1066 3582 1099 3628 et
1113 3568 1169 3647 pri·

185 3673 363 3752 390-392·
384 3669 512 3728 Ornnte.
536 3667 634 3727 Etiam
676 3689 728 3730 mo
743 3668 866 3749 quidem
883 3688 917 3727 ea
935 3669 1089 3729 declarato
1106 3667 1169 3727 sunt

144 3776 267 3858 puellae
282 3774 385 3835 lanam
398 3773 543 3832 ducentes
557 3784 634 3830 tem·
675 3791 732 3851 per
747 3769 910 3829 absentiam
931 3791 1040 3831 eornm
1048 3813 1059 3842 ,
1093 3787 1168 3852 quoe

144 3875 292 3960 pestatem
329 3874 380 3935 len
410 3873 548 3953 pluuiam
587 3877 633 3932 in·
674 3876 889 3952 impendentes
916 3871 1035 3950 pluuias
1060 3867 1169 3954 fignifi-

144 3993 305 4064 gruentem
347 3996 383 4035 ex
421 3973 632 4035 scintillatione
675 3975 785 4035 cnbnnt
808 3975 890 4054 npud
909 3975 1036 4034 Aratum
1052 3976 1114 4035 206
1130 3971 1167 4053 sq.

144 4083 287 4146 lucernae
317 4091 348 4136 et
374 4076 477 4156 iungi,
521 4081 634 4159 quiex
677 4073 1168 4159 tumt·l.401ennpposrtnsunt,

145 4183 255 4269 [luppo
272 4185 307 4245 in
326 4179 414 4264 iungi
433 4178 563 4264 speciem
584 4201 636 4244 ex·
676 4201 757 4265 quae
786 4199 870 4243 nunc
895 4177 982 4242 fiunt.
1034 4178 1169 4245 torena,
