2692 4914
467 313 870 388 mosomus
941 361 944 366 -
1112 319 1239 413 265,

149 531 238 584 rem
267 516 316 576 ort
337 498 496 600 pudori
517 494 598 593 fibi
624 500 768 579 ducat,
810 518 884 574 aut
908 520 956 579 u
978 501 1079 579 liaeo
1101 534 1188 580 car-

150 632 267 702 mina
297 622 491 692 minorem
529 620 632 690 inter
664 622 868 694 Romanos
899 622 1086 698 habitura
1115 626 1188 725 rffe

148 747 334 850 gratiam
379 733 594 834 existimet,
643 754 797 810 monet:
859 742 958 814 tlum
1003 742 1187 820 bucolica

141 862 321 965 scribat,
369 857 467 930 dum
492 852 655 952 Hesiodi
681 859 861 956 exemplo
887 862 939 932 de
965 887 1009 933 re
1038 860 1187 959 rustice

153 1003 320 1057 carmen
355 976 525 1053 condat,
574 994 806 1050 nontamen
838 977 950 1071 haec,
1003 1007 1108 1081 quae
1136 971 1188 1056 de

150 1125 295 1177 errrore
320 1096 540 1194 scripturus
559 1092 636 1189 srt,
681 1093 745 1167 vlli
786 1103 938 1172 venient
964 1103 1108 1198 ingrata
1134 1103 1188 1178 le·

150 1225 272 1325 genti,
321 1218 411 1291 Siue
444 1218 484 1286 in
516 1233 645 1286 amose
682 1211 784 1287 rudis
821 1214 897 1291 fiue
932 1205 1071 1318 pesitus
1106 1227 1187 1297 erit.

150 1341 347 1440 Luserant
361 1334 517 1411 eadem,
536 1335 688 1432 pergit,
715 1332 800 1407 alii.
851 1339 961 1410 Dum
975 1336 1190 1432 Hesiodum

151 1470 370 1533 memorat,
393 1455 455 1524 Tu
469 1455 587 1542 canis,
610 1456 751 1551 inquit,
766 1452 911 1529 Ascraei
931 1463 1063 1531 veteris
1080 1485 1187 1559 prae·

152 1597 263 1680 cepta
288 1591 445 1675 poetae,
492 1574 579 1668 Quo
606 1569 703 1670 seges
726 1576 766 1642 in
796 1599 947 1672 campo,
986 1601 1063 1674 quo
1089 1583 1186 1653 viret

152 1724 224 1771 vua
252 1698 354 1793 iugo.
434 1690 555 1761 Vides
579 1689 758 1787 exemplo
779 1688 941 1783 Hefiorli
968 1700 1062 1764 cani
1089 1698 1185 1778 dici,

155 1842 234 1888 non
254 1808 306 1884 ab
329 1806 413 1909 ipso
434 1805 629 1902 Hesiod03
663 1812 798 1907 potuit
823 1836 873 1880 ea
897 1827 1033 1883 tamen
1052 1815 1189 1886 Mani-

157 1934 229 2004 lius
252 1932 312 2002 od
330 1926 545 2023 Hrfioclum
570 1927 696 2026 ipsum
722 1927 888 2024 referre,
910 1947 1031 2030 atque
1049 1938 1186 2016 etiam,

158 2055 300 2124 cumin
326 2048 451 2119 laude
463 2064 610 2146 poetae
629 2047 870 2144 versaretur,
893 2076 938 2120 eo
955 2052 1119 2131 adduci,
1141 2071 1187 2126 ort

159 2166 344 2270 copiosius
361 2169 607 2243 cromatius,
633 2192 684 2237 ac
698 2192 758 2237 res
766 2165 942 2261 ferebat,
969 2167 1134 2270 efferret.

263 2287 555 2360 Sententiarum
582 2300 620 2354 et
644 2304 949 2384 praeceptorum
981 2295 1041 2360 rei
1071 2290 1185 2387 rusti·

161 2431 228 2477 coe
255 2409 299 2477 in
322 2403 399 2475 lroc
429 2407 604 2474 carmine
630 2407 994 2502 interpretationem
1012 2407 1099 2506 fine
1126 2429 1186 2484 to·

163 2523 312 2595 lerobili
339 2521 478 2621 aliqua
500 2522 800 2622 agricolationis
815 2531 965 2622 peritia
986 2545 1092 2600 recte
1112 2535 1186 2602 vix

154 2640 358 2736 succedere
381 2637 505 2739 poffe,
542 2640 674 2736 facile
699 2639 954 2742 intellrgitnm
997 2672 1089 2716 eam
1121 2666 1183 2718 ta-

163 2786 243 2833 men
271 2766 314 2831 in
342 2764 420 2829 mei
453 2759 602 2830 ordinis
622 2756 781 2831 homine
811 2762 924 2833 lrnud
950 2762 1082 2858 facile
1111 2762 1184 2860 effe

159 2877 312 2976 poffein
328 2874 496 2974 conseffo
523 2875 585 2973 est.
628 2879 767 2952 Aliam
786 2881 1060 2976 difficultatem
1073 2881 1185 2977 facit

161 2998 246 3079 lroc,
287 3000 398 3096 quod
415 3013 630 3095 praccepta
648 2999 897 3067 Maroniano
918 3000 976 3067 orl
1005 3005 1096 3098 agri
1119 3025 1184 3071 co·
1259 2994 1263 3011 '

161 3116 262 3190 lendi
292 3142 443 3187 morem
473 3119 515 3185 in
548 3116 630 3185 alio
653 3113 769 3208 solo,
825 3113 905 3210 sub
936 3114 1019 3186 alio
1053 3117 1181 3197 caelo,

160 3241 196 3307 in
218 3237 305 3308 alia
327 3252 478 3312 aetate,
502 3232 701 3332 spectant.
757 3233 876 3333 Quod
889 3233 1033 3328 facere
1054 3237 1180 3317 licuit,

156 3354 420 3444 subiunximus
439 3352 683 3450 scriptorum
704 3352 755 3422 cle
773 3376 816 3421 re
845 3349 991 3449 rustica
1012 3357 1123 3435 loca,
1160 3384 1183 3428 e

158 3474 288 3571 quibus
310 3489 457 3571 poetae
481 3488 697 3571 praecepta
716 3476 833 3543 onice
857 3470 1049 3568 illustrari
1070 3491 1183 3573 pote·
1235 3567 1239 3576 Ι

157 3609 264 3671 rant,
309 3595 485 3690 inprimis
512 3591 723 3666 Varronis,
763 3617 880 3690 quem
900 3597 942 3661 in
966 3592 1098 3663 multis
1115 3594 1182 3689 se-

158 3731 293 3809 quotus
313 3709 386 3806 est,
420 3728 458 3782 et
483 3709 748 3785 Columelloe,
780 3715 850 3808 qui
864 3728 1073 3809 perpetuus
1093 3714 1183 3784 Vir.

155 3833 239 3928 gilii
263 3844 552 3902 commentator
581 3824 653 3924 est,
703 3853 794 3898 cum
818 3829 963 3902 Plinio.
1032 3831 1088 3901 Et
1111 3831 1184 3902 lur-

158 3947 338 4027 bebamns
369 3955 411 4020 in
443 3949 538 4027 izos,
577 3971 746 4045 quornm
785 3972 908 4045 opera
936 3949 1030 4044 fere
1056 3965 1185 4031 otere-

159 4091 261 4147 mur,
320 4072 551 4167 interpretes
590 4061 844 4165 doctiffimos‚
899 4071 942 4138 in
982 4065 1182 4138 nonnullis

162 4188 360 4260 Guellium
392 4205 431 4260 et
464 4184 665 4281 Vrfinum,
716 4188 759 4254 in
784 4184 982 4284 plerisque
1012 4185 1186 4260 Cerdam

194 4310 295 4369 Tora.
314 4307 340 4368 Ι.
749 4302 797 4361 Π
