2692 4914
276 372 280 379 .
316 311 808 397 BVGOLICAECL.;V
1019 337 1085 384 και

51 519 144 574 rem,
169 517 275 583 qnam
294 497 472 557 verborum
486 502 574 558 ratio
587 498 682 578 fert,
705 496 909 574 sententiam
930 515 1088 578 quaeren-

51 606 136 666 dam
158 620 278 687 putes,
317 601 366 664 ad
384 604 554 682 Caesarem
574 619 612 664 vt
637 617 733 684 putes
755 617 891 684 poetam
910 602 1090 685 respextffe,

44 714 168 794 ferm
189 706 364 795 equidem:
389 709 487 770 modo
507 708 722 789 nonstngula
741 709 918 787 allegorice
932 711 1090 790 interpre-

54 821 123 878 tari
142 814 253 893 atesis:
280 814 547 901 quandoquidem
568 815 654 875 illud
662 815 787 893 saltem
803 835 869 873 non
885 812 1089 874 incommode

46 925 129 1005 fieri
150 920 282 1006 γοιςβῇ·
318 921 410 1007 quod
435 937 546 982 tamen
569 937 667 1001 cogat
689 942 765 994 nos,
802 920 887 980 niltil
904 917 1003 999 inest:
1038 922 1090 979 in·

46 1031 148 1109 serre
166 1042 283 1089 autem
302 1026 345 1089 de
360 1029 429 1107 sno
449 1027 579 1112 aliquid
601 1029 720 1101 alieni,
767 1025 858 1112 quod
874 1046 942 1087 non
962 1029 1000 1084 in
1019 1026 1088 1106 ipso

54 1137 209 1197 wetino
227 1134 387 1209 babetur,
429 1156 496 1196 non
518 1132 562 1212 eJi
584 1134 663 1194 boni
680 1135 886 1217 interpretis,
928 1132 984 1193 cui
1000 1132 1090 1210 satis

56 1242 119 1323 effe
140 1240 263 1311 debet,
286 1241 406 1301 elicere
428 1261 485 1316 ea,
516 1243 657 1325 quaein
678 1243 824 1300 carmine
832 1238 934 1319 sunt,
954 1261 1020 1298 non
1038 1259 1091 1313 ea,

56 1370 144 1431 quae
160 1346 252 1424 sunt
274 1362 372 1415 extra
396 1367 545 1420 carmen,
580 1349 713 1426 inferre.
765 1349 800 1407 Si
822 1367 954 1406 carmen
973 1346 1086 1409 animo

57 1455 100 1515 ab
120 1455 284 1534 opinione
295 1472 403 1514 vacuo
418 1469 451 1513 et
464 1456 591 1514 intacto
606 1455 757 1532 legimns,
778 1453 864 1514 nittt
876 1451 973 1513 aliud
984 1468 1088 1526 poeta

48 1558 216 1644 spectaffe
231 1556 344 1619 isidori
354 1538 478 1641 potest,
512 1580 610 1641 quam
630 1575 667 1618 nt
685 1561 866 1619 Theocritei
887 1559 997 1640 tdylttt
1015 1563 1036 1620 t
1052 1573 1086 1618 et

58 1668 145 1727 XIX
162 1666 387 1725 imitationem
400 1648 601 1742 institueret,
630 1679 680 1732 et,
701 1677 738 1724 vt
751 1664 877 1744 licloga
892 1667 991 1724 tertia
1005 1660 1089 1724 dnos

56 1771 206 1854 pastores
222 1790 259 1831 -a
282 1773 441 1832 conuiciis
465 1770 514 1830 ad
539 1785 671 1830 cantum
696 1770 899 1853 progreffos,
928 1773 979 1828 ita
999 1769 1031 1829 b.
1055 1771 1089 1844 l.,

60 1878 159 1963 idque
182 1878 303 1961 paullo
329 1877 532 1956 elegantius,
570 1875 637 1937 duo
657 1876 743 1936 alios
761 1873 906 1957 polloret
926 1896 949 1934 a
968 1877 1089 1936 mutuis

62 1984 216 2044 laudibus
242 1981 292 2043 ad
323 1997 441 2042 cantus
471 1999 638 2043 certamen
668 1982 883 2064 procedentes
908 1980 1088 2044 induceret.

63 2092 225 2149 Carminis
257 2105 488 2168 argumentum
506 2091 591 2167 sunt
618 2088 790 2170 Daphnidis
819 2089 941 2162 laudes,
980 2089 1091 2151 nobile

63 2192 268 2255 hauddubie
288 2199 325 2255 itt
344 2191 479 2271 vetttllis
499 2193 699 2254 carminibus
719 2172 900 2278 pastoritiis
918 2214 1090 2274 argumen-

64 2319 146 2371 tum,
184 2316 223 2361 vt
251 2322 294 2360 ex
321 2301 489 2360 nonnuliis
512 2301 692 2376 Theocriti,
733 2304 883 2384 inprimis
900 2301 993 2383 Idyll.
1019 2309 1091 2365 Iet

68 2409 142 2477 VII,
157 2408 262 2490 73sq.
295 2408 376 2468 locis
393 2422 541 2489 apparet.
583 2408 659 2467 Fuit
673 2408 730 2466 ille
744 2411 780 2467 in
793 2407 901 2468 herois
916 2409 988 2469 loco
1002 2413 1090 2472 inter

62 2512 204 2593 pastores
223 2513 375 2582 baninu,-
404 2528 504 2573 cantu
526 2513 582 2572 ille
602 2512 721 2573 nobilis
742 2530 775 2573 et
799 2535 821 2573 a
836 2516 985 2598 Nympha
998 2538 1090 2576 ama-

66 2636 129 2687 tus,·
160 2621 264 2701 itique
285 2623 354 2678 eius
374 2639 519 2692 amores,
554 2619 638 2699 fata
659 2635 693 2678 et
711 2640 799 2678 mors
818 2619 999 2701 pastoritiis
1018 2642 1090 2683 car·

64 2727 201 2786 minibus
222 2724 390 2784 celebrata
413 2738 445 2784 et
466 2726 578 2784 multis
598 2724 702 2784 modis
719 2730 862 2785 variato.
892 2726 959 2785 vid.
987 2725 1030 2786 de
1049 2751 1089 2788 eo

66 2835 193 2892 Seruius
212 2831 261 2891 ad
281 2833 351 2890 Ecl.
376 2832 467 2899 VIII,
490 2837 541 2896 68.
589 2831 804 2899 Diodor.IV,
820 2836 870 2909 84,
902 2848 935 2889 et
954 2832 1089 2892 Aelian.

67 2941 103 2999 V.
118 2943 158 3002 H.
175 2942 218 3012 Χ,
242 2942 292 3006 18,
312 2940 353 2996 H.
368 2937 434 3000 An.
449 2940 507 3012 XI,
527 2941 564 2999 13
587 2954 620 2995 et
635 2937 682 2996 ibi
695 2941 812 3018 intpp„
834 2936 937 2996 Scltol.
956 2937 1089 2996 Tlteocr.

66 3045 108 3108 ld.
121 3047 213 3117 VIII,
227 3045 262 3123 f.
286 3058 319 3101 et
341 3046 451 3124 primo
472 3045 543 3102 loco
574 3043 728 3103 Partlten.
763 3064 789 3103 c.
813 3061 851 3120 29
876 3061 917 3098 ex
945 3043 1088 3102 Timaeo.

68 3153 103 3230 ts.
118 3153 216 3212 Silius
230 3149 305 3211 ltal.
322 3149 415 3218 XIV,
430 3152 493 3225 466
498 3150 573 3230 sqq.
618 3146 716 3209 Ouid.
731 3148 787 3208 IV
799 3149 878 3207 Met.
892 3150 1003 3226 276-
1014 3151 1088 3228 278,

69 3272 95 3314 ct
111 3257 157 3316 ibi
172 3260 298 3336 intpp„
325 3252 466 3312 Dornill.
490 3255 599 3313 Sicula
614 3275 648 3336 p.
663 3276 701 3334 27
707 3254 762 3336 sq.
805 3252 915 3336 Epigr.
937 3254 972 3312 in
993 3255 1089 3315 Ana·

69 3361 150 3422 lectis
176 3362 210 3423 I!
231 3361 260 3428 I,
280 3381 313 3442 p.
339 3362 385 3422 15.
414 3375 447 3418 et
472 3362 504 3418 T.
525 3359 586 3428 III,
608 3383 642 3441 p.
664 3362 732 3424 123.
752 3359 811 3419 III.
872 3358 987 3437 Noster
1007 3383 1086 3422 vero

68 3484 157 3544 poeta
178 3481 410 3545 argumentum
427 3462 635 3547 pastoritium
663 3465 793 3525 lteroico
813 3470 930 3545 generi
947 3471 1088 3550 propius

71 3573 225 3648 admouit,
263 3569 363 3654 idque
384 3574 435 3630 ita
457 3573 634 3646 tractauit,
665 3575 798 3632 ornauit
813 3589 846 3631 et
860 3576 1088 3655 ampls'ficonit,

72 3694 101 3737 ut
117 3678 306 3758 generofism
326 3694 447 3760 poetae
470 3680 554 3758 epici
566 3679 722 3757 spiritum
735 3680 845 3761 facile
864 3683 900 3737 iu
923 3700 961 3738 eo
983 3700 1088 3758 agno·

10 3846 12 3851 ,
71 3784 149 3858 scos,-
184 3806 383 3868 quamquam
393 3782 548 3864 singulae
567 3771 676 3844 rernm
692 3788 852 3863 imagines
872 3799 904 3844 et
919 3786 1088 3844 characte-

10 3910 12 3921 ·
81 3908 121 3946 tes
138 3912 176 3949 en
192 3889 483 3972 antiqnifftmornm
499 3894 681 3951 carminum
695 3891 808 3951 indole
825 3906 857 3950 et
871 3893 982 3951 colore
996 3891 1088 3951 ducti

10 3948 13 4049 l
78 3993 149 4065 sunt.
188 3999 310 4066 locus,
341 3999 377 4054 in
405 4020 469 4080 quo
487 3999 530 4077 se
552 4001 752 4058 conueniunt
773 3999 937 4082 pastores,
971 3997 1088 4074 statim

10 4054 13 4165 l
87 4098 121 4153 ab
137 4104 222 4162 initio
248 4124 371 4181 magna
392 4125 466 4164 cum
486 4105 660 4183 stianitote
685 4105 896 4184 describitur:
927 4102 1088 4184 succeffe·

92 4220 152 4264 rant
170 4224 260 4269 antro
279 4206 415 4289 agrestis
435 4213 514 4271 uitis
539 4211 732 4292 palmitibus
751 4212 901 4273 obducto.
947 4212 1086 4269 Carmen
