2692 4914
148 424 153 435 ⁹
247 329 1053 435 GEORGICONLIB.IV,219-229
1128 334 1204 434 695

165 519 324 609 Omnia3
354 541 427 594 nec
451 524 562 594 morti
584 519 656 599 effe
674 523 820 614 locum;
859 521 922 598 sed
946 525 1032 596 uiua
1050 521 1185 597 voiure'

160 651 304 727 Sideris
324 658 365 726 in
383 679 601 749 numerum,
632 677 746 759 atque
766 659 842 734 alto
863 657 1060 735 succedere
1073 656 1196 731 coelo.

238 786 277 860 Si
302 789 454 888 quando
476 788 599 866 sedem
622 791 810 892 augustam
840 790 1057 893 seruataque
1083 789 1196 864 mella

156 917 358 996 Theseum
376 923 533 1000 relinesr
575 931 677 1028 prius
698 925 830 1003 haustu
850 926 985 1028 sparsus
1012 948 1193 1026 aquarum

153 1130 193 1186 fr.
207 1132 279 1187 (iud.
294 1135 419 1193 noumd.
433 1140 482 1195 fec.
508 1141 653 1212 (fortepru
674 1141 756 1206 huc).
803 1142 847 1196 ad
864 1140 989 1212 resoluta
1001 1140 1067 1211 Reg.
1081 1137 1189 1193 Mertiu.

157 1235 229 1270 aero
237 1219 339 1288 soluta
358 1242 423 1278 vnur
436 1227 527 1280 Mead.
563 1228 667 1301 referre
685 1227 800 1290 Medic.;
839 1242 866 1280 at
882 1226 1012 1296 vulgatam
1031 1240 1117 1278 tuetur
1138 1226 1190 1277 Lu·

153 1314 207 1355 nr.
228 1303 262 1356 ad
283 1305 348 1360 Stat.
362 1309 449 1363 Theb.
467 1312 511 1372 VI,
528 1331 584 1366 112.
624 1311 706 1366 Poffiu
727 1326 752 1365 et
770 1312 797 1365 h.
812 1310 830 1364 l.
864 1311 981 1383 scillcet
1000 1309 1107 1381 iungere
1127 1326 1190 1361 cum

152 1389 386 1447 macedonibus:
421 1397 556 1470 arceffim
576 1404 652 1451 vitai
664 1399 792 1457 Scilicet,
813 1395 869 1450 huc
884 1417 906 1449 r.
974 1413 1026 1465 227
1036 1394 1189 1466 ficridere

151 1472 233 1527 Iaeid.
267 1474 337 1544 folo
356 1478 429 1533 Tou.
472 1485 531 1536 alto
553 1482 591 1553 sa
619 1482 743 1535 condere
766 1482 846 1534 caelo
869 1481 964 1542 Rom„
990 1480 1016 1533 fe
1029 1481 1142 1551 recipere
1159 1479 1188 1530 iu

152 1557 260 1610 “dum
275 1562 391 1624 fflimflt·
425 1565 518 1629 docte,
551 1583 578 1621 et
595 1582 620 1620 vt
639 1567 749 1638 vulgaris
769 1566 846 1620 lectio
869 1564 919 1619 effe
937 1562 1016 1636 poffit
1033 1565 1089 1618 eius
1107 1564 1188 1618 inter-

151 1645 278 1715 precatio.
325 1647 449 1704 Ceterum
472 1653 600 1706 varietatis
621 1651 710 1706 iimiiis
738 1651 855 1723 exempla
876 1648 927 1703 vid.
949 1648 1020 1722 apud
1038 1651 1129 1702 Burm.
1152 1647 1187 1701 ad

150 1730 255 1784 Luem·
270 1732 304 1794 11,
318 1733 378 1804 609
447 1740 498 1791 228
513 1737 661 1809 angrestam
677 1739 756 1791 Rom.
775 1755 836 1790 cum
850 1735 884 1789 al.
897 1735 991 1803 Pierii;
1011 1735 1127 1806 quinque
1141 1750 1184 1806 up.

149 1812 262 1879 Bm..
291 1816 333 1871 sex
346 1836 387 1890 ap.
402 1821 527 1883 Marum,
546 1839 652 1894 vterque
672 1823 772 1884 Goth,
798 1820 897 1874 multra
911 1835 972 1873 vett.
992 1834 1018 1872 et
1030 1817 1098 1890 vulg.
1112 1816 1184 1880 edd„

151 1901 234 1955 oriam
247 1901 325 1956 Aidd.
345 1922 385 1976 pr.
408 1920 434 1958 et
451 1923 524 1969 terr„
563 1927 613 1962 nec
631 1909 691 1962 saue
708 1906 762 1960 boc
783 1907 957 1976 incongruum
973 1919 1020 1957 aut
1037 1903 1070 1956 ab
1090 1901 1183 1974 apibus

151 1983 278 2038 alienum.
320 1988 402 2042 Recte
416 2005 505 2045 tamen
523 1992 611 2046 Heini.
639 2007 665 2046 et
682 1994 790 2054 Burm,
821 2009 853 2044 ex
872 1989 995 2043 Mediceo
1013 1988 1131 2059 inprimis
1151 2005 1183 2041 ac

151 2069 262 2133 Seruio,
295 2072 579 2140 caementariorum,
613 2076 777 2148 augustata,-
812 2093 872 2128 cum
893 2071 1066 2127 iamdudum
1083 2073 1182 2143 regium

149 2171 182 2208 ac
200 2155 299 2227 palatia
321 2157 424 2229 aliaque
442 2178 457 2212 a
476 2180 566 2232 regum
585 2160 718 2215 maiestate
731 2161 813 2234 petite
830 2159 922 2229 apibus
934 2157 1013 2212 tribui
1027 2157 1181 2220 viderimua;

149 2236 237 2295 statim
251 2255 339 2293 aurem
356 2261 380 2296 v.
393 2261 452 2314 229.
468 2248 519 2300 230
550 2246 600 2300 aiia
620 2246 787 2308 adiiciuntur,
818 2262 886 2316 quae
897 2242 931 2297 ad
950 2261 1042 2296 earum
1060 2242 1181 2297 fructita-

148 2338 203 2379 tem
221 2324 383 2394 pertineant,
402 2343 429 2381 vt
442 2328 510 2384 caste
523 2349 553 2385 rc
565 2350 644 2402 pure,
667 2350 713 2384 ore
728 2330 852 2404 proluto,
877 2328 1010 2383 adeundus
1029 2326 1079 2381 effa
1098 2327 1178 2381 dicat.

147 2407 298 2482 augrrstam
306 2411 410 2483 sedum
427 2413 480 2467 Eri.
548 2434 607 2486 229.
628 2418 680 2471 230
698 2417 797 2487 Magna
811 2416 932 2470 lectionis
952 2415 981 2468 in
998 2413 1040 2467 hir
1056 2410 1127 2466 varii.
1142 2411 1181 2468 est

147 2493 299 2553 diarrhiae:
331 2497 526 2572 repletumque
544 2499 574 2556 fit
587 2501 616 2554 in
634 2501 680 2556 tali
691 2502 832 2555 nominum
848 2515 875 2556 et
887 2499 1064 2573 epithemium
1074 2496 1177 2572 pofiaur

145 2672 212 2730 riae
224 2684 364 2731 naturae.
400 2670 571 2753 areeffere,
594 2692 645 2738 ac·
685 2675 758 2732 erati
785 2672 862 2734 sunt.
920 2672 957 2730 in
984 2683 1180 2731 azimorum:

145 2773 262 2852 cipere.
332 2773 403 2834 226.
437 2774 574 2846 Omnia,
611 2772 642 2833 h.
684 2779 728 2835 vti
744 2796 773 2834 v.
795 2796 821 2834 c.
835 2772 1007 2845 Velleill,
1027 2775 1067 2848 73
1079 2772 1177 2850 fugi-

143 2870 284 2954 fpiritum
309 2876 465 2948 omnium,
495 2895 576 2959 quae
598 2880 643 2936 vi·
685 2876 827 2934 tiresia
850 2888 1023 2935 nummum
1052 2874 1177 2931 exerci-

141 2987 211 3034 tam
224 2970 282 3033 fibi
294 2994 332 3034 ex
347 2973 471 3036 aethere
484 2974 643 3039 arceffiue·
684 2992 737 3037 eus
747 2974 809 3051 sui
830 2976 1001 3055 recipiens,
1020 2972 1051 3033 h.
1072 2977 1108 3032 in
1124 2993 1177 3034 or·

142 3091 229 3138 runt.
280 3079 353 3139 226.
377 3097 448 3157 227.
475 3077 506 3140 h.
519 3101 546 3141 e.
566 3100 641 3140 euo-
683 3081 787 3154 dines,
815 3083 850 3138 in
866 3091 1004 3158 partem,
1033 3074 1176 3158 adeoque

140 3177 211 3239 lare
233 3181 268 3238 in
290 3175 456 3240 aetherem.
516 3179 641 3249 Sideris
681 3180 860 3255 immiscens,
882 3178 1026 3240 inferens.

139 3281 182 3340 in
200 3300 391 3350 numerum,
426 3285 509 3344 inter
529 3281 637 3359 fidere,
723 3284 901 3363 228-237.
928 3282 979 3342 De
993 3275 1175 3340 castratione

139 3401 218 3445 nem
254 3383 363 3444 eadem
395 3385 505 3445 mundi
535 3391 638 3446 anima
679 3385 821 3447 fauorum
845 3389 1024 3466 praecipere
1053 3384 1173 3463 incipit,

139 3480 242 3548 fidera
268 3501 392 3556 neuen
438 3507 508 3547 cum
533 3503 640 3548 autem
679 3503 712 3550 et
746 3487 872 3571 quidem
912 3507 981 3547 cum
1023 3480 1174 3565 praefidia

137 3607 274 3668 corpore
296 3587 391 3650 solute
414 3592 518 3650 anime
541 3611 638 3670 prop·
680 3604 788 3651 contra
810 3609 903 3669 epum
925 3591 1002 3646 iram
1031 3601 1063 3646 et
1088 3586 1174 3646 hiro-

136 3705 190 3752 rer
209 3688 376 3750 aetheriam
397 3688 481 3751 suam
494 3707 636 3752 naturam
677 3712 761 3764 rem,
802 3690 920 3750 fumum
941 3703 973 3765 et
998 3708 1097 3772 equae
1119 3687 1174 3777 ud·⁴

139 3793 239 3854 altum
253 3797 347 3874 petit:
373 3793 453 3854 redit
467 3813 502 3853 ea
518 3795 551 3852 in
566 3813 635 3854 cee-
676 3789 880 3874 spersronem,
945 3805 1012 3850 tum
1051 3806 1173 3870 tempus

137 3895 208 3958 lum
253 3910 285 3955 et
324 3890 407 3954 aihir
445 3895 633 3956 admiscetur.
677 3896 861 3957 mellationia
883 3913 956 3954 vere
978 3907 1011 3954 et
1035 3905 1172 3952 auctum·

137 3992 286 4057 Succeffit
319 4017 392 4057 mox
424 3997 477 4057 illa
514 4001 633 4079 opinio,
675 4018 719 4061 no
745 3997 845 4058 tradit.

136 4119 200 4183 qua
215 4094 364 4159 iustorum
379 4118 414 4158 ac
431 4102 554 4178 piumm
570 4104 636 4161 ani·
721 4101 792 4162 228.
812 4117 884 4179 229.
907 4096 1050 4175 seeruara
1069 4093 1171 4157 mella

136 4221 206 4263 mas
233 4204 268 4262 in
292 4197 392 4262 fidem
417 4207 530 4285 reponi
556 4202 637 4266 arbi·
680 4201 854 4284 Thqsauris
898 4199 1034 4275 retines,
1098 4217 1169 4282 pro,
