2692 4914
368 322 664 400 avconica
689 327 990 422 nou.v1,1.2
1122 340 1192 417 -141

160 505 313 586 inprimis
333 505 558 569 admitterent.
615 493 734 595 Itaque
761 513 848 574 alias
871 514 1025 594 disertius
1045 521 1194 599 exponit,

157 613 305 672 aliarum
327 636 396 674 non
417 615 477 691 nist
496 633 694 694 argumenta
715 638 966 696 commemorat,
997 637 1030 680 et
1050 621 1193 683 delecta·

158 721 244 778 tioni
263 718 352 779 adeo
364 719 495 798 studet,
515 737 553 781 ut
571 723 660 780 inter
680 727 836 808 antiquas
856 728 932 787 illas
943 727 1085 807 fabulas
1102 729 1194 790 Galli

134 856 138 861 ·
149 823 209 903 sui
226 829 435 894 meminerim
472 827 544 886 Iooo
560 849 683 907 parum
702 829 842 906 idoneo,
874 833 935 908 rufi
953 835 1065 909 uersus
1086 850 1193 895 trans·

154 950 280 1012 ponere
296 932 487 1014 placuerit:
520 954 588 1017 qua
608 933 652 993 de
671 956 709 994 re
728 957 761 998 u.
781 940 843 1018 inf.
865 937 915 998 ad
933 937 984 1017 64.
1038 940 1193 1002 Formam

158 1051 189 1096 et
207 1038 356 1098 colorem
381 1037 425 1097 ab
445 1038 515 1122 *hoo
536 1040 682 1099 carmine
710 1039 853 1104 deruebat
877 1044 1040 1106 Gesnerus
1060 1045 1193 1124 elegan-

156 1141 291 1222 riffirnur
306 1156 429 1226 poeea,
465 1165 538 1204 oum
561 1147 749 1210 Cantharum
768 1142 900 1218 ¹hactum
911 1149 1095 1229 scriberet,
1124 1150 1194 1229 sed

156 1249 317 1308 nollemus
339 1271 413 1309 eurn
442 1252 598 1312 carminis
620 1259 824 1333 grauitatem
842 1254 891 1315 ad
910 1278 979 1315 rem
1000 1254 1191 1334 leuiffimam
1255 1252 1261 1263 ’

155 1354 341 1436 deflexiffe,·
389 1376 454 1437 quo
482 1357 550 1439 ‘i's0
581 1366 686 1421 omnis
713 1365 894 1447 voluptatis
915 1365 1053 1443 fructus
1088 1365 1190 1422 inter·

157 1476 265 1543 ceptus
286 1458 340 1536 est
535 1463 537 1467 ’
1199 1533 1201 1536 ⁴

235 1567 392 1627 Ceterum
407 1567 500 1628 Varo
516 1573 709 1654 infiriptum
730 1571 774 1650 est
794 1591 951 1633 oarmen:
977 1573 1099 1657 dequo
1117 1575 1187 1637 vid.

155 1673 288 1751 &aurs
304 1671 354 1732 ad
367 1672 454 1732 liano
468 1676 537 1737 Eut.
580 1679 741 1738 Fabulam
757 1678 798 1737 de
821 1684 963 1738 recitata
985 1681 1048 1739 hac
1062 1681 1189 1756 Eulogo

131 1784 177 1836 'a
205 1777 384 1859 Cytheride
418 1784 521 1850 mima
556 1797 590 1842 ec
624 1787 793 1845 Ciceronis
821 1785 1027 1844 exaltatam
1053 1785 1121 1845 vid.
1151 1789 1188 1845 in

155 1883 399 1962 Pseudodoaati
422 1886 505 1948 Vita
528 1888 622 1968 Virg.
633 1891 667 1968 fi
688 1899 741 1968 41.

475 2100 821 2160 me—

155 2260 290 2391 Prima
312 2298 506 2394 Syracosio
530 2301 680 2402 dignata
706 2301 756 2377 est
777 2303 909 2382 ludera
932 2307 1034 2382 versu
1220 2358 1228 2399 .

155 2440 295 2529 Nostra,
329 2463 455 2538 neque
477 2437 631 2534 erubuit*
644 2437 751 2513 siluas
773 2441 957 2537 habitare,
990 2445 1134 2518 Thalia.

215 2634 405 2710 18yrac0fi0.
442 2637 481 2689 ltu
499 2638 635 2690 Romanus
656 2640 740 2691 Pierii.
789 2644 944 2713 Eoouuioeoi
967 2638 1047 2719 ᾆσμα.
1089 2644 1177 2715 Vulgo

159 2722 311 2793 Syracufio,
335 2721 473 2773 mendose:
494 2723 566 2792 quod
583 2725 634 2774 iam
649 2725 804 2779 Benedictus
822 2731 932 2781 monuit.
969 2731 1107 2800 Syracusa
1123 2733 1184 2783 Mo·

159 2812 196 2861 reti
213 2810 294 2867 alter,
327 2809 432 2877 Menag.
455 2807 519 2859 alter
538 2824 563 2860 et
580 2809 694 2861 Parthas.
770 2831 785 2863 2
807 2833 895 2882 neque
915 2834 930 2866 e
953 2812 1050 2883 scriptia
1072 2811 1183 2886 reposuit

159 2894 234 2948 iltius.
258 2913 307 2966 pro
323 2910 383 2944 nec.
410 2890 497 2960 saluis
510 2893 589 2946 Rom.
605 2895 690 2947 Pierii.
714 2897 785 2948 cons.
800 2897 888 2949 Heius.

215 3088 240 3126 1.
270 3062 439 3144 Syracofio
461 3097 504 3111 —·
532 3065 645 3141 versu,
689 3088 750 3147 que
778 3058 1105 3145 PopiusPalZoraI.1
1131 3084 1179 3141 pr,

161 3163 347 3228 Theocriteo.
379 3190 406 3225 v.
435 3166 498 3225 Ecl.
526 3166 586 3239 IV,
619 3188 644 3225 1.
688 3165 800 3228 Melius
832 3169 870 3226 de
898 3173 996 3217 aetate
1032 3166 1179 3242 accipias,

162 3267 261 3327 Prima
286 3269 464 3351 intelligunt
487 3268 597 3349 vulgo:
627 3289 644 3326 e
688 3268 773 3348 quod
792 3258 1038 3327 inadolescentia
1056 3267 1092 3323 iis
1116 3287 1181 3325 car-

161 3369 316 3449 Romanis3
349 3393 368 3430 o
390 3371 499 3452 quibus
525 3371 554 3428 se
584 3375 644 3449 pri.
687 3369 816 3429 minibus
833 3361 861 3421 se
877 3360 1013 3435 dederat,
1033 3383 1098 3424 non
1112 3372 1180 3447 api·

161 3493 232 3533 uuuu
248 3473 288 3531 ad
309 3488 402 3531 tenue
424 3469 484 3531 hoc
504 3476 642 3529 carminis
684 3475 736 3539 cis,
752 3467 790 3526 vs.
805 3468 835 3536 3,
854 3485 870 3522 a
887 3464 996 3546 quibus
1011 3468 1180 3531 reuocabat

159 3597 245 3657 genus
275 3570 459 3633 descendisse
486 3569 639 3652 significet.
684 3592 753 3629 eum
771 3565 892 3648 Apollo.
946 3587 973 3628 2.
994 3564 1099 3640 filaus
1119 3569 1179 3628 lta-

158 3678 206 3738 Ge.
229 3677 276 3749 11,
306 3679 364 3753 175
401 3673 462 3732 tibi
481 3693 531 3730 res
556 3671 643 3727 anti·
684 3667 807 3742 bitare,
834 3668 873 3726 ad
890 3688 985 3749 genus
1002 3666 1178 3733 bucolicum

154 3802 233 3861 quae
257 3776 367 3836 laudt's
385 3792 418 3834 et
437 3776 518 3834 artis
532 3776 642 3850 Ingre—
683 3773 821 3832 resertur.
850 3791 879 3829 v.
907 3769 945 3828 ad
967 3769 1030 3828 Ecl.
1062 3771 1107 3829 1v
1129 3796 1177 3854 pr,

150 3881 231 3955 dior,
259 3881 398 3956 sanctos
418 3877 515 3953 ausus
539 3874 643 3932 reclu-
689 3874 804 3940 Thalia
839 3876 967 3932 omnino
1006 3894 1064 3953 pro
1092 3876 1179 3935 Musa

148 3984 225 4043 dere
240 3985 370 4062 fontes,
399 3980 644 4058 Astraeumque
685 3975 765 4034 dicta
791 3970 887 4034 videri
914 3971 1033 4054 potest3
1066 3973 1120 4035 atfi
1140 3998 1178 4036 ea

145 4109 230 4147 oano
256 4087 411 4145 Romana
431 4102 493 4163 per
521 4077 644 4162 oppida
683 4081 808 4159 proprie
824 4074 873 4136 hic
895 4092 1081 4149 memorata,
1105 4081 1177 4159 quia

142 4207 291 4250 carmen.
322 4185 369 4252 Ia
385 4164 551 4267 accipiebat
565 4203 641 4268 quo·
683 4176 855 4240 bucolicum
875 4198 999 4242 carmon
1020 4179 1084 4238 aius
1106 4177 1177 4249 fidei

182 4285 326 4354 Τοιί
738 4278 769 4362 Q
