2692 4914
164 304 239 388 334
312 363 313 367 η
375 308 419 379 Ρ.
440 307 688 383 V-IRGILII
720 310 979 387 MARONIS

164 489 346 573 caeruleo
377 494 494 592 glacie
523 515 721 571 concretae
743 516 856 598 atque
879 496 1062 571 imbribus
1091 504 1191 588 atris,

161 636 237 707 Has
253 635 348 703 inter
361 627 599 729 mediamque
618 619 715 704 duae
732 632 948 704 mortalibus
968 635 1090 731 aegris

159 770 320 842 Munere
332 761 524 837 concellae
540 764 667 837 diuom
678 796 689 855 ;
715 770 774 839 via
795 763 897 838 lecta.
909 790 978 864 per
998 765 1143 854 ambas,

45 974 50 986 ,
161 901 346 999 Obliquus
369 925 443 997 qua
464 897 501 972 se
526 897 712 996 lignorum
737 917 909 1004 verteret
928 897 1037 970 ordo.

161 1032 325 1109 Mundus
358 1049 397 1103 rt
436 1031 485 1102 ad
526 1031 714 1124 Scythiam
750 1033 1011 1131 Rhipaeasque
1053 1029 1192 1102 arduus

775 1190 868 1238 arcis
1112 1176 1187 1246 24⁰

163 1293 373 1394 Consurgit:
416 1301 596 1396 premitur
618 1295 755 1390 Libyae
776 1298 940 1372 deuexus
962 1300 1002 1368 in
1026 1294 1188 1371 Austros.

229 1518 281 1573 236
301 1515 456 1570 caeruleae
480 1517 595 1586 glaetae
614 1515 642 1570 in
668 1513 766 1569 Medic.
808 1513 906 1569 similis
927 1514 1057 1570 tbemtio
1081 1516 1109 1569 in
1132 1515 1187 1570 aliis

161 1602 234 1660 libtlt
255 1602 325 1675 apud
341 1601 455 1654 Pierium
473 1618 499 1655 et
518 1601 639 1660 Martio..
659 1601 752 1673 quibua
771 1619 891 1674 apparet.
919 1599 984 1654 olim
1003 1602 1032 1654 in
1053 1601 1188 1653 nonnulli·

161 1691 310 1754 caeruleae
330 1685 473 1739 adeonae
492 1701 630 1739 retractum
651 1685 730 1739 soille.
814 1690 864 1741 238
886 1684 1017 1757 eoneefftt
1043 1685 1130 1740 Goth.
1149 1705 1187 1758 pr.

161 1790 189 1829 ot
207 1783 258 1828 via
268 1775 354 1845 secta
373 1773 471 1826 Medic.
491 1791 550 1824 cum
572 1770 643 1830 eliis,
669 1773 730 1824 item
753 1787 863 1844 vtroque
881 1771 1018 1826 Gothmo.
1066 1770 1188 1824 fiontius

158 1860 179 1916 l'.
202 1870 233 1914 tt.
300 1860 352 1928 239
370 1866 486 1910 verterit
499 1858 570 1909 Leid.
584 1877 622 1928 pt.
650 1856 840 1928 fignorum—
855 1858 930 1909 orbis
942 1870 1027 1910 tentat
1040 1857 1080 1908 lo.
1095 1856 1188 1910 Schn-

160 1947 232 2000 der.=
265 1944 337 2017 quod
357 1942 416 1995 [ene
437 1959 463 1995 et
476 1942 559 2013 ipsum
577 1943 675 1995 bonum
694 1941 761 1995 ell'et.
805 1941 849 1994 Sic
860 1940 987 2014 fignffer
1007 1945 1103 1994 orbis:
1136 1939 1184 1993 rid.

159 2033 271 2103 Lucret..
285 2030 317 2089 V,
332 2031 390 2098 690.
423 2033 517 2080 Atnec
531 2028 616 2081 minuo
641 2027 711 2080 ordo
724 2025 873 2097 figuorum
890 2026 957 2080 bene
975 2027 1001 2079 se
1019 2027 1109 2080 habet.
1144 2026 1186 2078 sie

158 2134 182 2169 v.
199 2135 222 2168 c.
238 2113 330 2168 Manil.
344 2115 365 2173 1,
381 2114 431 2166 563
455 2113 518 2164 Frra
530 2139 564 2152 -
575 2133 627 2183 per
640 2132 712 2182 qttae
726 2112 860 2182 dirigitur
871 2111 1021 2184 signorum
1036 2115 1186 2183 flammeus

162 2200 244 2254 ordo.
327 2208 378 2263 240
395 2196 545 2264 Rhipaeas.
588 2201 623 2252 τὰ
650 2197 753 2251 Ῥιπαῖα
778 2194 833 2266 ὅρη.
865 2197 923 2250 libri
948 2198 1001 2250 lere
1034 2197 1184 2266 Riphaeas.

158 2283 255 2337 lterum
271 2283 320 2335 Ge.
335 2283 380 2343 111,
394 2282 453 2342 381,
470 2298 494 2332 t.
568 2294 617 2348 ²41
638 2281 765 2350 dtuersus
786 2280 827 2333 ed.
847 2283 915 2334 Veri.
951 2283 992 2336 ad
1013 2281 1125 2354 nistros
1142 2281 1182 2335 ed.

162 2367 273 2424 Mediol.

159 2575 235 2619 mae
256 2551 325 2616 sunt
349 2556 383 2616 in
404 2571 535 2616 extrema
558 2571 647 2637 parte
745 2556 815 2619 238.
842 2553 968 2616 Zodioci
1003 2554 1180 2636 descripti03

158 2643 290 2742 politam
338 2674 370 2718 et
400 2659 578 2718 traduntur
606 2658 649 2720 est
689 2673 721 2719 et
735 2681 805 2719 mox
820 2658 884 2738 poli
900 2661 1002 2717 arctici
1021 2674 1055 2718 et
1067 2673 1181 2718 entero-

157 2763 277 2844 plenius
297 2781 355 2840 pro
373 2761 477 2836 stmtt
512 2783 569 2821 nos
583 2763 648 2821 vul·
688 2766 748 2823 tici.
800 2763 888 2841 Quae
918 2758 1105 2841 lequuntur,
1138 2760 1200 2837 let-p

156 2885 216 2947 go,
242 2864 411 2926 extendunt
435 2863 471 2922 le.
522 2865 648 2923 Dueun·
689 2865 778 2923 cilee
799 2861 940 2942 sphaerae
961 2861 1095 2923 coelestis
1111 2863 1179 2922 doo-

81 3047 83 3050 Α
157 2977 208 3027 tur
227 2971 324 3028 'enim
367 2967 469 3027 circuli
502 2967 648 3046 paralleli.
690 2972 767 3026 trine
784 2966 1004 3047 intelliguntur.
1036 2985 1178 3047 peram·

159 3072 221 3131 236
240 3082 412 3126 concretae
432 3072 557 3148 proprie
581 3074 648 3150 qui·
689 3068 766 3135 bas,
793 3073 889 3138 inter,
918 3081 950 3124 vt
970 3088 998 3125 ν.
1022 3072 1084 3144 045
1119 3084 1178 3145 per

156 3170 228 3230 dem
249 3186 368 3230 tanturn
383 3171 509 3248 glacie:
529 3170 580 3230 led
596 3191 647 3230 ea·
687 3168 771 3228 duae
789 3170 919 3228 Arctos.
956 3169 1018 3228 vid.
1039 3168 1178 3230 Macrob.

158 3272 228 3330 dem
243 3269 402 3352 tempestas
417 3272 643 3347 atrosimbres,
686 3275 719 3330 in
760 3272 864 3331 Somn.
905 3272 997 3350 Scip.·
1024 3273 1065 3346 11,
1101 3275 1177 3339 c.·8.

149 3361 285 3454 ’ὄμβρους
320 3366 504 3459 polanae,
546 3373 643 3448 affert,
688 3373 882 3448 04000010
899 3373 936 3431 ad
951 3371 1176 3433 sensurnostrot

155 3487 189 3532 et
217 3488 300 3532 recte
328 3474 470 3533 adiuncto
496 3476 534 3534 ed
562 3477 644 3534 idem
688 3473 786 3545 dicte,
809 3472 1000 3554 [isphoerem
1017 3492 1090 3536 ente
1105 3496 1176 3537 ocu·

154 3572 282 3633 verbum
294 3575 474 3635 referuntur.
495 3576 642 3638 Eratosth.
685 3575 731 3635 los
751 3574 878 3656 politam
894 3575 1050 3638 habemur.
1078 3581 1174 3637 Mun·

152 3675 508 3761 1.1.Α1ε1κρυμαλέαι,
540 3677 643 3741 alell'
685 3677 746 3736 dus
761 3694 792 3737 et
807 3678 856 3738 hic
871 3700 928 3758 pro
943 3680 1040 3739 coelo.
1082 3699 1175 3739 arcet

152 3763 235 3841 ltere
270 3781 449 3855 μογέουσαι,
488 3780 642 3840 laborari·
682 3784 782 3860 poetis
802 3787 929 3841 omnino
953 3803 1011 3862 pro
1034 3783 1110 3843 loeis
1125 3803 1174 3842 ex·

152 3893 209 3940 ces.
269 3885 338 3961 237.
366 3884 473 3959 aegris
498 3904 566 3942 curn
597 3885 642 3942 di·
684 3879 781 3955 celfis,
812 3885 952 3967 adeoque
965 3900 998 3945 et
1011 3906 1071 3965 pro
1086 3904 1174 3945 mona

151 3983 233 4045 lectu
251 3981 280 4042 h.
296 3985 316 4043 l.
336 3981 467 4064 positum
481 3984 641 4066 epitheton
683 3989 757 4043 tium
782 3989 867 4068 iugis.
897 4009 925 4047 v.
956 3987 1010 4046 inf.
1034 3987 1088 4058 IV,
1111 3991 1171 4065 461

151 4107 210 4166 pro
235 4086 367 4166 miserir3
412 4089 504 4152 δειλοὶ
538 4089 642 4170 βροτώ
684 4101 715 4146 et
730 4085 826 4167 loepe.
867 4092 992 4167 040110
1009 4094 1176 4171 premitur

152 4189 290 4252 Homeri.
683 4186 829 4251 detexui
868 4207 976 4256 ornate
1011 4214 1073 4274 pro
1108 4214 1173 4256 ver·
