2692 4914
256 336 328 414 253
587 290 966 409 ,Pnooansvn'

259 545 389 622 noque
411 537 557 620 poetae
578 518 869 596 Alexandrini,
909 514 1040 614 plures
1061 504 1289 613 superstites

263 643 398 744 offeni,
431 647 608 744 inprimis
623 643 850 720 Nicander,
877 635 1165 735 Eratosthenes,
1190 639 1291 707 Par·

262 770 465 856 tlreniusU
539 770 667 844 Nam,
714 786 960 864 quamquam
992 777 1138 861 poetae
1169 757 1293 855 nostri

261 893 465 992 ingenium
489 886 592 986 satis
619 892 661 959 in
687 887 737 984 se
764 890 958 966 materiae
986 887 1044 956 ad
1067 881 1295 983 exquisitio·

262 1041 348 1089 rem
384 1013 558 1112 aliquem
588 1012 776 1083 ornatum
812 1035 862 1082 ac
900 1013 1070 1080 nitorem
1107 1010 1295 1079 carminis

264 1135 425 1220 habuit;
469 1150 555 1205 erat
584 1139 690 1206 enim
721 1133 826 1205 illud
853 1149 1025 1204 naturae
1059 1131 1199 1229 aliqua
1235 1134 1295 1199 in-

266 1259 474 1358 dulgentia
504 1259 562 1328 ad
587 1255 826 1355 praeclarae
851 1259 1036 1354 cuiusque
1058 1253 1296 1353 pulcritudi-

263 1387 323 1453 nis
340 1378 501 1475 sensum
521 1395 664 1451 natum
686 1405 736 1449 ac
747 1378 934 1475 factum,
972 1382 1090 1476 inque
1110 1380 1200 1446 vita
1220 1374 1297 1445 illa

261 1529 333 1604 per
365 1501 514 1573 litteras
548 1500 723 1574 Graecas
763 1517 801 1571 et
838 1499 1108 1572 urbanitatem
1139 1503 1297 1573 Romae

253 1623 334 1724 sub
368 1628 544 1723 principe
575 1619 776 1724 Augusto,
821 1642 861 1695 et
893 1625 1174 1720 consuetudine
1205 1648 1297 1693 cum

266 1744 562 1848 elegantifftmis.
581 1763 619 1818 et
646 1728 905 1847 vrbaniffimis
934 1746 1176 1824 hominibus,
1216 1749 1298 1817 exi-

267 1877 349 1942 mie
375 1869 522 1939 cultum
550 1884 589 1939 et
610 1870 803 1968 politum:
848 1858 1058 1941 variarum
1083 1887 1219 1940 tamen
1239 1897 1297 1941 re-

254 2015 358 2067 rum
397 1997 692 2084 comparatione
726 2009 765 2065 et
799 1995 1063 2094 indagatione
1102 1989 1297 2093 progrqffi

269 2116 346 2187 lioc
369 2107 482 2181 nobis
505 2112 824 2212 animaduertisse
851 2119 1055 2194 uidemur,
1101 2143 1153 2187 en
1173 2117 1298 2187 Alec-

270 2234 451 2345 undrinis
486 2233 663 2327 inprimis
699 2243 828 2336 poetis
867 2241 1081 2339 Virgilium
1119 2237 1298 2335 nostrum

214 2391 225 2401 ·
265 2347 490 2453 profeciffe5
520 2350 578 2421 lu's
602 2379 690 2426 eum
710 2362 936 2432 naturalem
958 2363 1073 2433 illam
1092 2379 1130 2433 et
1147 2388 1298 2461 parum

266 2475 494 2579 operosam,
546 2498 637 2545 cum
664 2496 775 2552 tanto
797 2500 931 2556 tamen
953 2486 1082 2563 cultu,
1131 2503 1294 2564 ornatu,

269 2621 310 2678 et
340 2601 538 2699 dignitate
565 2604 834 2686 coniunctam,
882 2606 1128 2704 venustatem
1158 2608 1299 2681 debere

271 2724 526 2799 arbitramur.
591 2721 668 2793 Sed
701 2752 749 2795 ea
777 2731 826 2799 de
849 2756 893 2800 re
917 2732 999 2802 alio
1029 2748 1206 2830 tempore
1231 2760 1297 2805 ac-

272 2851 446 2923 curatius
468 2843 700 2941 disputandi
721 2850 795 2915 erit
813 2848 929 2923 locus.
969 2856 1102 2954 Quid?
1120 2853 1160 2950 fi
1180 2857 1297 2936 alios,

270 3000 295 3045 a
315 2969 453 3073 quibus
471 2965 651 3067 singulos
674 2967 826 3064 versus,
874 2992 1025 3046 mutuos
1045 2976 1202 3073 sumtos
1226 2996 1299 3050 aut

165 3159 170 3169 ,
272 3089 464 3194 expreſjos
493 3115 521 3160 a
558 3090 749 3190 Virgilio,
807 3090 1171 3171 Grammaticorum
1201 3127 1301 3172 cura

273 3216 384 3290 nobis
402 3215 608 3313 seruauit,
651 3230 697 3285 vt
708 3216 905 3292 Ennium,
941 3218 1157 3302 Lucilium,
1198 3225 1243 3296 V
1237 3250 1301 3297 ar.

307 3441 331 3505 ’)
350 3437 543 3509 Quinctilisnus
563 3439 625 3493 Inss.
640 3439 674 3503 X,
694 3459 716 3502 1,
732 3439 767 3493 56
807 3459 894 3495 vnum
931 3443 1034 3495 librum
1072 3446 1300 3510 oeconomicum,

272 3523 378 3597 {Quidl
403 3524 579 3576 Nicandrum
591 3523 706 3596 frastra
718 3526 769 3594 se·
809 3535 886 3579 cuius
914 3547 981 3596 pars
1014 3534 1116 3584 ultima
1148 3536 1302 3602 agricultu-

276 3618 357 3679 quuti
379 3611 584 3689 Moveratque
610 3609 767 3682 Virgilius?
808 3630 868 3671 ram
895 3623 1035 3667 continet:
1073 3615 1111 3665 de
1135 3636 1192 3686 qua
1217 3634 1302 3688 parto

275 3695 472 3750 EDemocrito
503 3711 609 3764 poetam
640 3695 768 3748 nonnulla
808 3701 898 3750 multu
918 3699 958 3752 ad
970 3699 1058 3768 suam
1075 3697 1131 3750 lios
1153 3707 1302 3771 opus'l'ir·

276 3778 390 3834 iumiiffe
408 3781 507 3833 Plinius
528 3781 639 3834 monuit.
661 3780 712 3832 vid.
734 3780 768 3832 nd
808 3784 895 3853 gilius
917 3788 1075 3846 transtulit;
1116 3784 1193 3854 ficut
1215 3799 1301 3843 ettam

278 3864 376 3938 Georg.
399 3868 419 3926 1,
440 3868 498 3921 336.
519 3926 521 3930 Α
544 3870 582 3920 Ex
599 3863 767 3941 Eratosthene
810 3867 846 3919 de
875 3869 1024 3942 Georgicis
1057 3871 1195 3942 Magonis
1222 3876 1301 3947 Asrr',

277 3950 417 4005 translatus
445 3945 519 4004 locis
537 3952 587 4004 Ge.
609 3953 629 4012 l,
649 3952 698 4004 233
711 3950 765 4025 sqq.
810 3955 945 4018 Catonis,
972 3941 1123 4017 Varronis,
1156 3962 1302 4014 Ciceronis

278 4057 294 4090 a
315 4037 453 4091 Parthenio
478 4037 561 4089 verius
594 4037 643 4090 Ge.
663 4039 682 4089 l.
705 4040 764 4107 437.
810 4058 921 4111 quoque
939 4044 1012 4096 libro
1031 4051 1114 4095 tertio
1133 4046 1302 4100 Oeconomi-

278 4124 382 4178 Seruius
395 4123 428 4176 ad
441 4122 490 4176 Ge.
508 4125 525 4175 Ι.
541 4123 574 4188 43
594 4123 767 4192 Sanescien·
811 4143 921 4194 corum,
947 4139 997 4202 qui
1013 4132 1218 4205 agriculturam
1237 4151 1302 4188 con·

249 4222 254 4231 ·
279 4213 357 4275 tiam,
393 4209 606 4282 Xenophontem
624 4208 768 4297 scripfiffe
809 4220 885 4268 tinet.
