2700 4906
141 340 217 428 540
357 340 399 421 P,
424 339 673 414 VIRGILII
707 341 919 418 MARON
928 340 981 416 IS

143 533 294 620 Gerena,
323 553 422 629 quae
441 550 576 602 vacuas
594 523 799 602 renuillent
820 531 995 603 carmine
1016 531 1162 620 mentia,

103 736 105 740 .
143 668 282 747 Omnia
303 668 380 738 iam
398 661 563 762 volgata3
598 666 682 770 quia
703 632 770 739 adt
790 660 1001 758 Euysthaa
1020 660 1165 756 dmum,

144 898 236 972 Steph.
250 899 312 970 1352.
333 899 364 952 in
377 895 544 969 'Apppoaen
578 894 631 950 Alii
648 895 823 968 Amphriso,
843 896 1033 968 Ampkrlao,
1066 893 1183 950 thoth.

141 984 211 1041 Mox
228 985 336 1056 Lycaei
361 999 431 1038 recte
459 1003 551 1041 omnes
580 979 710 1036 scribunt:
752 999 779 1036 vt
805 1002 849 1056 ap.
881 982 1044 1039 Pausaniam
1076 980 1185 1052 aliisquo

143 1066 261 1123 Graecos
285 1069 437 1142 scriptorem
465 1069 560 1141 ubique
586 1069 716 1125 occurrit:
756 1069 788 1125 aci
806 1069 933 1125 Aditum.
982 1067 1061 1125 Mala
1084 1065 1185 1120 coniun-

143 1152 216 1208 ditur
236 1152 297 1207 alibi
325 1156 358 1210 ro*
379 1157 488 1222 Λύκειον
516 1154 694 1207 Athenarum:
725 1168 752 1207 vt
778 1152 833 1225 sup.
856 1156 877 1216 1,
900 1155 940 1210 16.
1032 1154 1185 1208 acanum

143 1239 312 1293 Burmannus
335 1239 466 1311 reposuit,
500 1256 526 1292 vt
540 1256 595 1292 etat
611 1241 638 1293 in
654 1239 789 1296 nonnulli·
810 1240 905 1304 Pierii3
938 1239 970 1292 in
989 1237 1086 1312 fragm.
1106 1238 1183 1292 Varie.

142 1323 248 1395 Medic,
264 1339 290 1377 et
311 1323 367 1386 aliia
389 1332 533 1388 carmina,
568 1323 642 1397 quod
661 1324 739 1396 vulgo
755 1324 850 1378 editur.
888 1324 1040 1379 Proeliuior
1061 1323 1144 1397 lapsui
1160 1324 1184 1377 in

143 1408 199 1464 hoc
216 1429 248 1463 ex
268 1409 330 1471 illo,
370 1428 450 1482 quam
469 1410 524 1464 vice
544 1409 631 1476 versat
668 1417 770 1468 meniis
791 1408 863 1465 idem
882 1408 984 1480 scripsit
1011 1429 1047 1465 ex
1065 1409 1182 1466 llottenl.

141 1509 201 1548 tert.
219 1515 267 1567 pro
283 1509 397 1548 menter.
466 1498 623 1567 avulgata
637 1495 708 1548 idem
723 1515 754 1549 ex
768 1494 842 1552 Gud.
857 1511 884 1551 et
897 1495 1013 1552 Mentel
1029 1512 1091 1553 tert.
1120 1499 1183 1571 sant

143 1582 267 1652 vulgara
286 1579 406 1637 Pnrhrt
419 1580 523 1647 Bodlei.
543 1596 570 1636 et
588 1601 653 1641 unua
675 1582 767 1637 Mead.

90 1789 109 1833 ,·
142 1765 379 1865 Ἀμφρῦσηθεν.
409 1771 447 1838 cf.
464 1772 568 1859 Toup.
584 1772 643 1853 Ep.
687 1784 748 1838 tes,
769 1772 900 1844 acurir,
923 1712 1021 1839 iebus
1036 1769 1183 1841 acfsnffiu

143 1877 210 1937 crit.
233 1894 309 1957 pag.
337 1876 405 1939 165.
448 1875 525 1935 Mox
538 1873 645 1951 saluar
687 1873 816 1947 seueris,
851 1889 1019 1950 vacanter,
1053 1876 1182 1939 sollenne

75 2028 78 2035 .
143 1997 327 2061 amnesque
349 1977 472 2057 lycaei
492 1993 645 2042 memorat
688 1974 727 2036 de
744 1979 791 2049 iia,
820 1980 876 2059 qui
896 1993 1068 2059 poetarum
1085 1983 1182 2042 carmi

143 2085 205 2160 pro
233 2081 295 2141 deo
321 2081 476 2162 Lycaeum
504 2093 643 2152 tenente,
685 2077 886 2141 na'audiunt.
927 2081 1100 2144 Monenda
1116 2083 1183 2144 haec

142 2184 246 2253 Paue;
275 2197 308 2242 et
323 2179 406 2239 hunc
421 2200 480 2260 pro
497 2201 530 2240 re
543 2177 645 2261 pasto·
685 2197 817 2262 propter
839 2183 1016 2246 Burmanni
1044 2185 1182 2248 subtilita-

141 2288 222 2345 ritia.
272 2285 302 2344 3.
324 2283 493 2342 Pindarum
516 2283 642 2366 Olymp.
685 2298 730 2344 tes
750 2284 847 2346 luere.

144 2386 216 2445 Ode
240 2385 270 2444 11
293 2406 340 2465 pr.
365 2401 438 2444 ente
460 2385 566 2445 oculos
589 2383 660 2456 lta-y
726 2392 834 2467 4-7.
862 2389 948 2449 Dum
969 2392 1182 2474 Eurystheum

142 2484 258 2569 burste,
286 2487 386 2546 Cerdo
407 2487 555 2567 putabam
589 2488 644 2550 dee
684 2506 855 2575 ruetnorut,¹
892 2494 1039 2556 Herculis
1068 2497 1181 2558 labores

142 2589 237 2651 bebat
260 2589 364 2649 saltem
383 2586 485 2653 Isthm.
503 2591 573 2664 vll,
594 2613 641 2672 pr.
683 2592 837 2674 intelligit.
886 2595 1011 2656 Eodem
1033 2598 1181 2660 referendi

142 2713 342 2774 comparare;
379 2690 432 2752 etfi
455 2710 486 2753 et
508 2692 568 2753 hoc
595 2698 643 2754 ni-
682 2692 792 2754 Bufiris
820 2711 853 2755 et
873 2697 980 2780 Hylas.
1043 2703 1180 2764 Comme-

140 2802 201 2870 ruis
221 2797 325 2857 sedulo
351 2794 448 2862 fieret.
494 2798 642 2860 Commu,
684 2813 786 2857 morat
800 2814 902 2858 autem
917 2800 1054 2878 fabulas,
1082 2824 1179 2890 quast

139 2907 188 2963 nis
205 2909 289 2962 enim
306 2899 356 2958 illa
374 2896 417 2959 est
431 2904 508 2959 ratio
530 2901 642 2960 ntulto·
684 2896 751 2958 satis
780 2902 883 2960 multis
909 2911 1014 2982 poetis
1047 2923 1178 2969 tractatas

138 3026 208 3070 utun
232 3021 412 3085 poetarum,
451 3019 484 3061 vt
506 3005 564 3063 alia
585 3001 640 3062 fibi
683 2999 744 3060 elle
776 3000 957 3076 constabare
1001 3007 1080 3073 hine
1110 3012 1178 3074 v.6

139 3122 304 3189 praerepta
321 3102 396 3178 elle,
429 3105 488 3171 alia
503 3107 639 3187 vulgaria
683 3102 745 3162 Cui
772 3127 839 3164 non
871 3107 1007 3171 dictus?
1063 3115 1176 3174 Dicere

138 3229 158 3268 a
187 3208 215 3268 le
245 3211 345 3267 omitti
368 3208 481 3271 dicant.
538 3210 639 3290 Magis
682 3211 765 3265 enim
809 3209 848 3270 de
888 3218 992 3291 poetis
1034 3215 1174 3277 sollenne.

139 3326 257 3370 certum
280 3307 339 3379 est,
373 3308 510 3369 nostrum
525 3312 638 3375 multon
679 3307 776 3381 Fuiffe
813 3333 940 3395 quoque
975 3317 1101 3384 neceffe
1136 3314 1173 3385 est

137 3417 273 3476 imitatos
297 3408 374 3481 effe,
411 3416 550 3491 inprimis
570 3415 637 3482 Ma·
680 3416 816 3479 carmIna
840 3414 878 3474 de
898 3416 993 3491 Delo,
1019 3424 1106 3492 etde
1121 3424 1170 3484 Pe.

136 3515 248 3577 nillum
270 3512 322 3573 lib.
337 3514 381 3572 Ill
398 3536 444 3594 pr.
477 3516 513 3574 cf.
536 3518 635 3575 Aetna
677 3513 752 3595 lope
782 3519 909 3598 eiusque
947 3521 1035 3585 cursu
1071 3526 1170 3599 curuli,

135 3636 193 3699 pn,
222 3616 273 3675 vbi
298 3637 326 3676 v.
351 3617 544 3678 Werusdorf.
569 3618 636 3698 Op-
678 3638 742 3698 quo
759 3619 1001 3699 Hippodamiam
1023 3629 1171 3693 Oenomai

134 3724 219 3801 pian.
244 3718 362 3802 Cyneg.
384 3742 431 3800 pr.
460 3716 634 3781 Nemefian.
677 3719 697 3778 f.
713 3718 862 3789 obtinuit:
883 3739 914 3783 at
929 3746 966 3785 ea
981 3739 1088 3799 omnia
1102 3753 1169 3814 poe·

136 3821 387 3905 Cyneg.15sq.,
415 3819 465 3880 vbi
483 3822 634 3882 couf.Ti·
677 3837 777 3882 tarum
806 3845 902 3905 opera
937 3833 1167 3907 interciderunt,

134 3930 222 3985 tium.
276 3925 400 3982 Tenent
428 3939 553 3986 mentes
581 3945 629 3997 ea,
673 3942 796 4005 praeter
816 3930 978 4010 Apollonii
1008 3954 1041 3997 et
1069 3936 1167 3996 Theo·

134 4049 215 4110 quae
232 4027 402 4098 delectant,
435 4041 466 4085 et
488 4030 631 4106 exprimit
673 4033 740 4089 criti
755 4031 824 4092 loca
847 4033 886 4092 de
902 4035 1000 4117 Hyla,
1031 4037 1166 4099 Herculis

132 4127 194 4194 hoc
213 4128 312 4210 ipsum
338 4128 552 4195 delectationis
574 4151 630 4189 ne·
672 4130 801 4207 mnafio,
830 4151 862 4195 et
877 4137 948 4197 Deli
964 4139 1074 4203 laudes
1089 4138 1165 4222 apud

133 4247 248 4302 turam-
273 4251 402 4294 vacuae
420 4245 524 4295 autem
539 4253 630 4298 mena
670 4235 904 4309 Callimachum.
953 4243 1047 4326 Quae
1068 4260 1163 4307 autem
