2700 4906
184 341 527 425 SECVNDAE
565 343 876 422 EDITIONIS
946 371 1092 424 xxxur

46 576 125 653 guno
147 549 420 653 pneumatico
441 544 558 623 modo
579 546 678 624 hauc
699 547 816 625 modo
839 548 941 625 illam
961 553 1093 630 tibiam

48 687 152 778 insin,
192 682 226 760 fi
263 684 377 758 idem
404 706 509 758 nuuc
542 699 648 774 ute,
694 688 761 783 qui
790 682 941 786 legendi
970 686 1093 766 cauffa

52 821 407 895 libruminmanus
429 816 557 932 sumis,
593 813 814 917 postulatur,
851 837 909 912 vt,
943 828 1091 922 quoties
1218 890 1223 899 ,

56 952 272 1031 difficultate
317 952 447 1054 aliqua
483 950 676 1053 obseptum
709 969 748 1027 te
779 950 925 1045 videas,
970 974 1094 1032 totum
1200 1051 1204 1057 Ι
1251 994 1267 1015 ·

57 1089 138 1165 illud
155 1113 352 1190 organum
374 1112 490 1162 mauu
507 1103 659 1179 tractet,
708 1086 756 1164 ot‘
769 1076 922 1165 omnem
940 1107 1106 1191 apparea,

58 1242 127 1297 tum
149 1241 191 1300 et
209 1220 293 1325 ipse
313 1226 413 1297 circa
435 1240 475 1296 te
491 1217 656 1297 instruas.
701 1224 766 1331 ¹An
780 1224 991 1326 plantarum
1005 1225 1094 1302 alia·

60 1383 215 1461 rumque
253 1382 384 1433 rerum
420 1360 574 1433 nomina
606 1360 820 1433 Linnaeana
850 1384 1091 1461 apponerem

62 1493 118 1566 diu
140 1492 335 1584 dubitaui3
368 1515 516 1583 verum,
547 1494 710 1566 virorum
729 1492 930 1570 doctorum
947 1497 1094 1574 iudiciis

63 1627 280 1728 exploratis,
307 1625 385 1700 vidi
406 1628 448 1699 in
463 1624 652 1728 plerisque
673 1632 868 1730 opiniones
890 1626 964 1705 elle
978 1636 1094 1721 varias
1255 1632 1261 1651 '

61 1769 209 1839 etinter
222 1760 261 1838 se
275 1758 456 1852 dissonas3
485 1785 573 1836 cum
587 1765 715 1861 itaque
731 1786 812 1837 rem
825 1787 848 1836 a
862 1767 955 1839 meis
969 1761 1094 1842 studiis

60 1899 221 1974 alienam
247 1899 402 1971 nonita
431 1911 590 1972 tractare
618 1891 778 1995 possem,
814 1914 856 1970 vt
880 1922 968 1974 meo
992 1905 1096 2001 quic-

60 2061 171 2137 quam
190 2032 336 2107 iudicio
356 2025 568 2120 definirem,
594 2028 712 2104 allatis
735 2049 861 2105 autem
878 2037 986 2108 variis
1004 2033 1097 2109 alio-

60 2196 140 2245 rum
159 2168 313 2244 iudiciis
333 2164 428 2240 nihil
455 2161 695 2266 proficerem,
736 2190 809 2241 nec
829 2165 950 2268 longis
970 2167 1107 2272 diepa„

62 2303 266 2380 rationibus
294 2306 335 2376 in
361 2317 501 2402 poetae
523 2302 831 2400 interpretatione
862 2301 969 2378 locus
997 2302 1096 2400 aller,

63 2438 167 2513 uolui
193 2434 391 2518 consilium
409 2431 504 2509 illud
530 2450 678 2525 tenere,
719 2433 782 2524 led
805 2457 995 2531 auctores,
1030 2443 1099 2540 qui

63 2580 214 2674 antiqua
238 2574 395 2646 nomina
416 2566 658 2662 illustrarunt,
702 2575 820 2672 inque
844 2573 903 2648 his
930 2576 1097 2675 inprimis

66 2710 271 2784 Matinum
292 2704 395 2805 sequi
415 2702 496 2778 satis
515 2702 642 2779 habui.
764 2735 765 2740 ¹

149 2846 254 2919 Cum
280 2838 330 2914 de
359 2843 666 2938 interpretatione
686 2841 847 2913 maxime
874 2836 985 2914 ellam
1004 2838 1101 2916 solli·

69 2981 178 3070 citus,
233 2993 274 3050 et
304 2998 350 3048 ea
383 2971 537 3072 quidem
564 2971 767 3062 eiusmodi,
807 2991 847 3046 vt
878 2997 958 3045 non
987 2971 1101 3047 verba

68 3112 201 3203 modo,
236 3107 301 3185 led
315 3108 496 3185 iudicium
510 3124 665 3208 poetae,
694 3110 892 3179 inuentum
912 3123 951 3179 et
970 3122 1098 3200 artem,

68 3246 316 3335 declararem,
359 3246 481 3343 primo
508 3246 644 3316 iterum
666 3237 807 3340 inspexi
826 3256 966 3315 veteres
988 3242 1102 3316 iuter·
1229 3252 1234 3263 “

69 3401 211 3486 protes,
266 3403 314 3452 ex
340 3380 479 3478 iisque,
521 3399 619 3481 quae
643 3372 741 3475 frugi
769 3368 900 3465 esseut,
943 3371 1100 3469 adiciui3

70 3513 264 3591 Macrobio
301 3530 341 3589 et
379 3510 477 3585 lulio
514 3510 653 3588 Sabino
694 3513 736 3584 in
774 3527 897 3612 partes
925 3504 1101 3603 assumtot

72 3656 202 3727 iterum
234 3653 278 3723 in
312 3645 499 3721 Bucolicis
528 3644 790 3738 Theocritum,
831 3648 873 3720 iu
904 3643 1102 3746 Georgicis

27 3885 31 3890 ἢ
75 3787 271 3888 Scriptores
292 3784 367 3858 Rei
378 3779 547 3858 Rusticus
568 3798 607 3858 et
623 3756 931 3882 Geoponicoruru
952 3777 1103 3882 scripto·

77 3947 140 4017 res,
171 3929 209 4002 in
236 3916 417 3998 Aeneide
447 3917 656 3992 Homerum
686 3933 815 3992 mente
848 3940 894 3991 ac
922 3919 1104 3993 memoria

78 4058 199 4140 recolui
205 4092 218 4157 ;
271 4075 363 4133 tum
396 4076 485 4128 vero
511 4078 591 4128 nou
609 4077 742 4155 parum
759 4054 1105 4156 interpretationem

80 4215 188 4290 poetae
210 4192 430 4278 meliorem
450 4185 628 4276 adiuuiile
648 4187 778 4268 videor
798 4191 1023 4293 argumentis
1049 4184 1106 4259 di·
