2692 4914
396 345 696 423 BVCOLICA
720 346 838 420 ECL.
859 348 902 417 ΙΙ
1118 344 1200 426 53'''

137 526 279 610 fistulam
295 530 350 607 36,
378 548 412 592 et
440 532 507 593 duo
529 535 697 617 capreolos
710 542 763 612 40,
810 533 1041 594 tumeorollas
1059 540 1169 596 uario·

146 657 212 694 rum
223 636 353 717 slorum
367 640 420 716 45,
446 662 523 699 mox
544 656 655 700 tomen
675 640 815 700 damnat
829 640 898 721 ipse
911 661 1057 700 amorem
1066 642 1169 719 suum

145 744 191 803 58.
234 744 401 803 Dominus
417 767 481 826 per
497 747 581 807 Iolae
600 730 929 806 nomendeelaratus
950 746 1012 827 effe
1035 744 1171 809 videtur

145 869 173 906 u.
185 848 233 927 57.
277 849 372 910 Idem
386 851 538 934 Corydon
552 867 726 911 amauerat
739 836 993 924 Arnarylliclem,
1020 852 1171 933 asperam

141 955 295 1035 puellam,
324 972 358 1015 et
373 959 564 1019 Menalcam
579 980 721 1041 puerum
733 980 763 1017 v.
785 959 879 1041 14sq.
903 960 954 1020 52.
1002 960 1115 1019 Etiam
1134 961 1175 1020 in

145 1060 231 1119 liuius
252 1063 401 1142 Eelogae
420 1065 584 1144 allegoria
609 1063 790 1124 retexenda
815 1065 931 1142 misere
950 1064 994 1141 se
1016 1070 1170 1148 torquent

146 1168 352 1249 interpretes,
389 1192 490 1254 quum
519 1191 541 1230 a
574 1173 689 1230 Seruio
720 1187 753 1230 et
781 1172 857 1231 aliis
886 1169 1047 1232 traditum
1079 1193 1172 1232 acee-

144 1277 271 1353 pient,
315 1276 446 1338 Alexin
470 1277 546 1354 siue
568 1277 678 1352 Asinii
693 1277 853 1338 Pollionis
871 1276 948 1355 stne
966 1280 1174 1340 Maecenatis

145 1400 278 1458 puerum
295 1384 418 1465 fuisse,
450 1407 474 1444 a
494 1385 636 1463 Virgilio
667 1400 837 1455 amatum‚·
880 1406 1071 1469 quanquam
1098 1390 1169 1447 eius

151 1489 192 1544 rei
207 1509 276 1548 non
289 1490 381 1568 satis
402 1488 551 1568 conflans
568 1491 672 1571 sama
688 1493 781 1572 suit;
823 1493 865 1573 of.
887 1494 1016 1572 Heius,
1052 1497 1172 1555 Marti·

152 1613 203 1652 uus
217 1594 267 1654 ad
281 1618 345 1658 u.1
371 1613 405 1656 et
428 1598 595 1658 Catroeus.
644 1599 737 1681 Quae
768 1602 818 1657 ita
840 1599 981 1676 secusne
1004 1600 1080 1678 sese
1113 1578 1173 1660 lta·

154 1698 260 1771 leant,
276 1703 373 1781 seire
392 1707 508 1789 vtique
529 1705 615 1765 nihil
634 1706 757 1787 refert:
800 1725 906 1786 neque
925 1702 967 1762 de
986 1704 1080 1781 costis
1100 1709 1173 1769 Vir·

155 1807 216 1882 gilii
237 1809 384 1869 moribus
404 1809 575 1895 disputare
596 1813 627 1874 lt.
651 1812 671 1875 l.
686 1814 826 1876 attinet:
856 1808 912 1883 etfi
930 1809 986 1868 ille
1003 1813 1037 1868 in
1052 1811 1173 1872 dilectu

159 1914 222 1972 talis
240 1921 432 1995 argumenti
451 1939 581 1979 morum
597 1919 741 1997 suorum
769 1897 961 1992 castitatem·
973 1937 1095 1996 parum
1118 1941 1174 1981 no·

162 2018 200 2078 lis
219 2025 428 2107 approbastit.
473 2028 513 2084 In
531 2027 806 2107 interpretatione
828 2038 939 2082 tamen
949 2023 1038 2100 satis
1057 2022 1102 2104 est
1115 2040 1177 2088 aut
1247 2088 1250 2094 .

165 2139 276 2199 tenere,
299 2149 361 2192 aut
373 2132 541 2212 statuere,
569 2132 749 2212 Virgilium
768 2132 894 2209 ingenii
916 2151 976 2189 ean
1003 2153 1042 2205 a,
1078 2134 1178 2213 forte

166 2249 193 2289 ut
213 2237 417 2301 Tlteoeritum
444 2243 633 2302 imitatione
661 2241 874 2322 exprimeret,
906 2237 987 2296 lsaee
1005 2239 1187 2322 scripsisse,¹

169 2354 192 2395 et
209 2349 343 2424 exprimi
360 2348 426 2407 liae
444 2349 573 2426 Eeloga
595 2350 725 2426 egregio
749 2369 823 2407 curn
840 2349 982 2428 artifieio
1003 2345 1125 2423 assium
1143 2363 1176 2406 et

165 2446 256 2520 strias
275 2457 416 2529 amoris,
437 2476 503 2537 quo
519 2453 648 2536 pallor,
675 2475 780 2513 uerna
793 2455 901 2530 Ioloe,
930 2457 1062 2514 nomine
1084 2457 1178 2536 Cory·

173 2551 237 2624 lon,
261 2563 295 2618 in
307 2560 436 2620 Alexin
453 2562 568 2639 misere
590 2562 775 2638 exarserat,
810 2565 868 2644 qui
890 2560 1017 2620 domini
1038 2561 1178 2636 amasius

175 2678 235 2722 ‘Ml-
274 2669 382 2726 Locus
398 2683 526 2741 autem,
551 2670 586 2725 in
603 2690 666 2750 quo
682 2669 738 2726 ille
754 2669 900 2728 dolorem
914 2671 1019 2728 animi
1033 2672 1178 2726 carmine

175 2771 296 2847 mitigat,
337 2772 636 2854 conuenientsffune
655 2775 848 2853 describitur
869 2798 900 2834 v.
915 2778 1025 2843 3-5;
1062 2790 1177 2832 amant

175 2891 299 2937 tutantes
309 2879 530 2957 solitudinem
542 2880 716 2956 siluarum.
768 2883 893 2941 Siculos
915 2884 950 2939 in
971 2881 1034 2938 liae
1052 2881 1178 2957 Eeloga

174 2980 291 3056 pastores
312 2988 471 3046 inducere
489 2988 622 3047 uidetur
639 2987 760 3070 poeta,
790 3009 821 3045 u.
838 3009 873 3046 21
917 2987 1004 3045 Mille
1024 3007 1112 3046 meae
1133 2989 1178 3044 Si-

176 3089 229 3150 tulis
245 3110 350 3155 errant
370 3100 404 3154 in
426 3095 581 3155 montibus
604 3116 711 3177 agnae.
759 3094 829 3176 Quo
850 3092 917 3173 ipso
933 3094 1086 3169 argutiae
1103 3093 1152 3151 all
1169 3129 1180 3139 ·

175 3201 267 3266 toriae
295 3201 494 3271 concidunt;
533 3223 618 3286 quae
639 3203 742 3284 plane
770 3213 945 3266 corruunt,
978 3197 1179 3280 fiexpreffa

175 3301 306 3388 pleraque
326 3331 369 3367 ex
394 3310 564 3369 Tlteoerito
587 3312 726 3388 cogites,
778 3308 927 3389 inprimis
947 3326 989 3363 ex
1006 3306 1098 3387 Idyll.
1121 3311 1179 3370 XI.

116 3412 118 3423 '
177 3407 270 3473 XXIII
280 3429 313 3473 et
328 3419 397 3483 III,
418 3438 504 3498 quae
525 3432 655 3484 tamen,
675 3415 795 3491 sicum
813 3414 864 3472 liis
878 3434 1054 3494 compares,
1076 3416 1178 3476 multo

177 3512 302 3579 dulciora
329 3522 407 3603 effe,
438 3525 497 3582 uix
516 3525 661 3605 inficiari
675 3521 780 3605 poffis.
826 3520 1006 3581 Transtulit
1020 3538 1123 3601 poeta
1144 3527 1180 3582 in

179 3621 358 3704 Corydonem
381 3632 559 3706 nonnulla,
590 3651 675 3713 quae
692 3631 807 3688 melius
821 3628 864 3687 de
875 3629 1071 3708 Polyplsemo
1090 3629 1181 3688 dicta

180 3747 269 3805 eraut,
292 3754 331 3797 ut
347 3738 434 3797 illud
447 3760 478 3798 u.
495 3741 535 3800 25
564 3758 664 3819 nuper
683 3760 733 3797 me
755 3743 787 3795 in
809 3738 912 3796 littore
932 3735 1003 3794 vidi.
1046 3737 1181 3813 Inuerso

181 3839 252 3900 modo
271 3844 466 3926 Polyphemi
492 3860 622 3904 amores
646 3844 694 3902 ad
712 3843 892 3924 Corydonis
918 3843 1101 3924 exemplum
1127 3864 1182 3903 ex·

183 3945 262 4024 uest
285 3951 383 4017 Ouid.
403 3955 485 4015 Met.
501 3955 590 4025 XIII,
607 3952 720 4035 776sq.
746 3953 802 4013 801
811 3950 865 4031 sq.

521 4143 843 4176 &sewum-—
