2692 4914
157 304 505 381 ononoroon
532 304 957 395 ura.111,256-2t5
1034 311 1104 412 591
1322 296 1326 309 '

70 494 131 567 Ad
149 512 278 583 terras,
304 497 455 567 inmane
470 490 574 571 sonat
587 518 655 594 per
669 490 772 583 saxa„
785 516 908 592 neque
929 494 1006 595 ipso

68 633 205 701 Monte
251 631 377 701 minor
419 629 649 728 procumbit3
716 644 755 698 ut
799 631 877 698 ima
920 630 1106 709 exaestuat

749 759 848 833 vnda
967 778 977 812 s
1027 778 1101 854 240

65 895 296 988 Vorticibus,
345 900 565 997 nigramque
605 893 680 968 alte
719 864 897 971 subiectat
936 925 1099 976 arenam.

120 1037 245 1110 Omne
267 1031 364 1105 adeo
386 1056 502 1131 genus
524 1034 689 1104 interris
713 1028 986 1133 hominumque
1006 1035 1101 1111 fera-

733 1189 911 1263 nrmque,

61 1300 115 1372 Et
143 1321 259 1397 genus
285 1321 535 1399 aequoreum,
578 1294 762 1395 pecudes,
807 1301 1008 1401 pictaeque
1033 1327 1098 1377 vo·

731 1430 872 1523 lucres,

59 1565 110 1635 In
127 1559 240 1636 furias
255 1566 457 1664 ignemque
472 1578 602 1635 ruunt:
627 1562 745 1638 Amor
766 1564 939 1639 omnibus
957 1565 1071 1641 idem.

60 1698 256 1797 Tempore
276 1723 355 1772 non
376 1695 451 1769 alio
474 1697 685 1771 catulorum
706 1699 823 1774 oblita
840 1701 972 1776 leaena
1021 1702 1095 1788 245
1192 1752 1195 1759 -

132 1939 184 2010 239
200 1960 253 1994 nec
274 1941 335 2011 ipso
352 1956 412 1995 ente
436 1938 525 1994 Heius.
532 1978 542 2003 ,
567 1955 594 1993 vt
615 1927 667 1992 ali'i.
729 1961 821 2014 noque
845 1941 904 2015 ipse
926 1942 1011 2000 Goth.
1034 1943 1093 2010 see„

57 2023 134 2079 felici
145 2023 225 2097 lapsu.
279 2039 329 2094 ²4⁰
344 2042 445 2081 atvna
458 2042 519 2080 tres.
556 2040 582 2079 et
595 2033 653 2078 tam
665 2023 736 2079 Gud.
751 2045 765 2079 a
780 2045 863 2098 nupt.
912 2038 960 2096 ²4¹
969 2029 1094 2100 subuec-

60 2125 108 2163 tat
126 2110 223 2165 Medic.
244 2112 397 2174 Romanoa,
416 2113 510 2182 optimi
531 2130 590 2165 cum
603 2111 710 2183 Menag.
730 2131 769 2186 pr.
785 2113 882 2167 Mutet.
902 2129 985 2187 quart.
1002 2114 1094 2188 fragm.

58 2196 163 2257 Moror.
183 2197 233 2248 Ed.
258 2198 369 2251 Mediol.
396 2198 479 2251 Goth.
507 2196 555 2252 sec.
604 2197 648 2250 sic
671 2212 697 2250 et
722 2197 835 2251 variatur
858 2196 954 2270 Georg.
969 2200 1016 2262 IV,
1032 2202 1093 2257 385.

64 2281 231 2335 Vorticibus
243 2299 268 2335 et
286 2285 330 2337 hic
342 2284 440 2338 Medic.
463 2302 524 2336 cum
546 2281 596 2346 el.;
630 2296 656 2336 ct
675 2281 703 2349 id
722 2281 869 2336 constanter
889 2283 961 2357 sequi
981 2283 1094 2340 debebat

56 2365 152 2420 Heius.
239 2378 289 2435 ²4²
310 2389 363 2440 que
386 2367 444 2440 post
457 2368 591 2441 ferarum
612 2362 683 2434 abest
703 2385 719 2420 ι
739 2367 829 2422 tribua·
906 2370 958 2436 243
974 2372 1094 2441 pecudis

56 2449 132 2503 Ven.
168 2465 195 2503 et
211 2453 334 2521 pecudes
348 2453 420 2507 Laid.
444 2452 491 2505 sec.
512 2453 674 2525 luterpungit
693 2452 800 2506 Wakei.
835 2454 873 2507 Et
886 2474 976 2526 genus
987 2474 1092 2527 aequo-

58 2554 141 2589 reum
156 2537 287 2607 pecudes.
313 2556 339 2593 vt
361 2538 429 2593 forte
449 2539 590 2592 conueniat
607 2557 668 2591 cum
686 2538 846 2592 Lucretitnit
864 2541 897 2601 11,
909 2541 968 2607 342.
985 2543 1045 2610 344.

54 2758 160 2804 antec.
182 2749 227 2805 vti
244 2743 354 2805 fluctus
376 2741 474 2821 figna
488 2764 556 2802 mo·
595 2743 753 2821 Accipiter
773 2762 868 2822 porro
885 2761 927 2799 ex
939 2744 1028 2812 alto,
1053 2765 1092 2806 ex

53 2861 118 2905 vot
147 2862 180 2926 et
205 2847 323 2925 fertur
349 2847 385 2903 in
412 2843 555 2921 hostem:
595 2842 770 2929 profundo:
818 2847 904 2925 utqui
943 2842 1004 2905 hoc
1037 2846 1092 2906 de·

54 2969 130 3010 cum
146 2953 249 3029 coepit
265 2948 425 3020 albescere,
456 2968 492 3007 ex
513 2947 556 3005 a}-
595 2967 681 3006 mum
695 2944 829 3027 sequitur
849 2944 888 3004 vs.
905 2953 1009 3022 240,r
1050 2964 1089 3008 at
1147 2999 1149 3005 .

53 3065 156 3133 toque
177 3049 276 3111 finum
304 3047 404 3110 trahit.
460 3050 556 3131 Atqui
595 3051 665 3107 ima
694 3044 868 3122 exaestuat,
889 3043 981 3104 unda
1003 3048 1087 3108 Ver-

45 3153 184 3234 strtctus
215 3152 316 3232 figna
354 3172 486 3210 mouere
523 3166 556 3210 et
597 3148 733 3216 ticibtts,
785 3151 979 3229 nigramque
1021 3151 1091 3209 alte

53 3259 96 3317 in
118 3255 240 3332 hostem
253 3257 346 3334 serti
362 3259 440 3314 miro
458 3252 553 3313 modo
585 3251 756 3331 stabiectat
780 3271 928 3310 arenam.
975 3248 1089 3324 smum

54 3347 253 3438 dicerentur3
275 3380 310 3418 ex
320 3356 403 3438 seqq.
420 3375 494 3413 vero
507 3359 557 3412 ni·
597 3354 702 3412 trahit
714 3351 857 3434 fluctus,
877 3352 964 3427 facit,
989 3349 1089 3415 finna-

54 3459 102 3521 hil
136 3461 228 3521 video
266 3459 352 3543 quod
379 3457 553 3538 suppleam;
596 3470 662 3529 tur,
687 3477 724 3516 ex
740 3455 802 3516 alto
819 3453 919 3515 versus
932 3454 1025 3515 littus.

53 3583 118 3624 nec
155 3566 240 3644 iungi
279 3555 395 3642 potest:
427 3557 555 3636 fluctus
653 3564 713 3634 242
736 3557 778 3638 sq.
806 3558 924 3617 Locum
944 3557 984 3618 de
1005 3559 1089 3618 furiis
1136 3584 1137 3587 ¹

51 3667 127 3731 vti,
156 3664 260 3724 medio
280 3662 481 3742 -longius,
512 3680 554 3719 ex
595 3660 730 3720 Venerei
754 3660 869 3740 ardoris
890 3662 924 3717 in
952 3663 1089 3719 animun·
1191 3703 1192 3708 κ

52 3765 315 3847 altoqnefiuum
329 3761 439 3824 trahit:
461 3781 553 3844 quor·
594 3759 676 3820 tibus
725 3761 814 3820 multi
854 3774 965 3840 poetae
1006 3765 1088 3822 varie

51 3868 121 3930 sum
155 3873 239 3928 enim
276 3866 388 3946 copula
418 3863 552 3944 spectet?
595 3876 772 3921 tractarunt.
843 3861 906 3920 Sed
951 3866 1090 3941 proxime

52 3973 122 4032 Cur
148 3976 243 4054 igitur
273 3966 463 4048 supercilioso
491 3986 554 4025 mn·
594 3961 697 4024 noster
710 3964 844 4128 Lugretii
867 3959 989 4043 vestigia
1008 3962 1090 4042 pres·

49 4070 179 4159 gisserio
206 4070 379 4153 spemendn
402 4065 436 4128 fit
458 4068 554 4128 ultera
594 4064 647 4141 fit,
668 4069 748 4146 lnpri
784 4070 807 4126 is
828 4066 853 4141 1,
878 4087 916 4126 12
937 4063 978 4146 sq.
985 4105 996 4137 ,
1027 4084 1087 4126 vnn

49 4179 157 4247 tutio}
206 4173 350 4234 nondum
393 4170 553 4253 perspicio.
597 4190 667 4232 cum
690 4165 823 4232 ‘Ariston
864 4167 935 4228 loco
976 4161 1087 4228 Histor.

97 4276 238 4337 Toual.
649 4273 738 4334 Xxx
