<?xml version="1.0" encoding="UTF-8"?>
<!DOCTYPE html PUBLIC "-//W3C//DTD XHTML 1.0 Transitional//EN"
    "http://www.w3.org/TR/xhtml1/DTD/xhtml1-transitional.dtd">
<html xmlns="http://www.w3.org/1999/xhtml" xml:lang="en" lang="en">
 <head>
  <title>
</title>
<meta http-equiv="Content-Type" content="text/html;charset=utf-8" />
  <meta name='ocr-system' content='tesseract 3.04.00' />
  <meta name='ocr-capabilities' content='ocr_page ocr_carea ocr_par ocr_line ocrx_word'/>
</head>
<body>
  <div class='ocr_page' id='page_1' title='image "./pvirgilivsmarov00virggoog_0352.png"; bbox 0 0 2692 4914; ppageno 0'>
   <div class='ocr_carea' id='block_1_1' title="bbox 290 313 1172 410">
    <p class='ocr_par' dir='ltr' id='par_1_1' title="bbox 290 313 1172 410">
     <span class='ocr_line' id='line_1_1' title="bbox 290 313 1172 410; baseline -0.007 -18"><span class='ocrx_word' id='word_1_1' title='bbox 290 314 995 410; x_wconf 73' lang='lat' dir='ltr'>onono1oouum.1,32-35</span> <span class='ocrx_word' id='word_1_2' title='bbox 1098 313 1172 387; x_wconf 62' lang='lat' dir='ltr'>aaa</span> 
     </span>
    </p>
   </div>
   <div class='ocr_carea' id='block_1_2' title="bbox 150 501 1173 712">
    <p class='ocr_par' dir='ltr' id='par_1_2' title="bbox 150 501 1173 712">
     <span class='ocr_line' id='line_1_2' title="bbox 150 501 1173 609; baseline -0.007 -30"><span class='ocrx_word' id='word_1_3' title='bbox 150 507 344 580; x_wconf 83' lang='lat' dir='ltr'><strong>Panditur:</strong></span> <span class='ocrx_word' id='word_1_4' title='bbox 391 503 466 609; x_wconf 85' lang='lat' dir='ltr'>ipse</span> <span class='ocrx_word' id='word_1_5' title='bbox 504 505 574 580; x_wconf 89' lang='lat' dir='ltr'>tibi</span> <span class='ocrx_word' id='word_1_6' title='bbox 599 509 675 577; x_wconf 87' lang='lat' dir='ltr'>iam</span> <span class='ocrx_word' id='word_1_7' title='bbox 709 503 861 579; x_wconf 85' lang='lat' dir='ltr'>brachia</span> <span class='ocrx_word' id='word_1_8' title='bbox 898 501 1083 579; x_wconf 77' lang='lat' dir='ltr'>contrahit</span> <span class='ocrx_word' id='word_1_9' title='bbox 1116 525 1173 573; x_wconf 87' lang='lat' dir='ltr'>ar-</span> 
     </span>
     <span class='ocr_line' id='line_1_3' title="bbox 766 635 857 712; baseline -0.011 -1"><span class='ocrx_word' id='word_1_10' title='bbox 766 635 857 712; x_wconf 86' lang='lat' dir='ltr'>dena</span> 
     </span>
    </p>
   </div>
   <div class='ocr_carea' id='block_1_3' title="bbox 148 766 1170 891">
    <p class='ocr_par' dir='ltr' id='par_1_3' title="bbox 148 766 1170 891">
     <span class='ocr_line' id='line_1_4' title="bbox 148 766 1170 891; baseline -0.007 -40"><span class='ocrx_word' id='word_1_11' title='bbox 148 776 322 878; x_wconf 82' lang='lat' dir='ltr'>Scorpios</span> <span class='ocrx_word' id='word_1_12' title='bbox 329 831 340 868; x_wconf 91' lang='lat'>,</span> <span class='ocrx_word' id='word_1_13' title='bbox 374 792 412 849; x_wconf 91' lang='lat' dir='ltr'>et</span> <span class='ocrx_word' id='word_1_14' title='bbox 433 773 530 850; x_wconf 89' lang='lat' dir='ltr'>coeli</span> <span class='ocrx_word' id='word_1_15' title='bbox 555 771 647 850; x_wconf 84' lang='lat' dir='ltr'>iusta</span> <span class='ocrx_word' id='word_1_16' title='bbox 673 773 756 874; x_wconf 90' lang='lat' dir='ltr'>plus</span> <span class='ocrx_word' id='word_1_17' title='bbox 777 790 884 873; x_wconf 87' lang='lat' dir='ltr'>parte</span> <span class='ocrx_word' id='word_1_18' title='bbox 902 771 1069 891; x_wconf 76' lang='lat' dir='ltr'>reliquit:</span> <span class='ocrx_word' id='word_1_19' title='bbox 1121 766 1170 844; x_wconf 78' lang='lat'>35</span> 
     </span>
    </p>
   </div>
   <div class='ocr_carea' id='block_1_4' title="bbox 145 968 1174 1296">
    <p class='ocr_par' dir='ltr' id='par_1_4' title="bbox 145 968 1174 1296">
     <span class='ocr_line' id='line_1_5' title="bbox 212 968 1171 1043; baseline -0.006 -20"><span class='ocrx_word' id='word_1_20' title='bbox 212 972 247 1037; x_wconf 74' lang='lat'>34</span> <span class='ocrx_word' id='word_1_21' title='bbox 265 970 408 1024; x_wconf 78' lang='lat' dir='ltr'>Panditur</span> <span class='ocrx_word' id='word_1_22' title='bbox 426 969 485 1041; x_wconf 79' lang='lat' dir='ltr'>ipse</span> <span class='ocrx_word' id='word_1_23' title='bbox 505 969 588 1043; x_wconf 83' lang='lat' dir='ltr'>iungit</span> <span class='ocrx_word' id='word_1_24' title='bbox 600 968 715 1022; x_wconf 80' lang='lat' dir='ltr'>Seruius.</span> <span class='ocrx_word' id='word_1_25' title='bbox 751 969 803 1021; x_wconf 73' lang='lat' dir='ltr'>ubi</span> <span class='ocrx_word' id='word_1_26' title='bbox 824 987 890 1021; x_wconf 82' lang='lat' dir='ltr'>nam</span> <span class='ocrx_word' id='word_1_27' title='bbox 904 968 972 1022; x_wconf 84' lang='lat' dir='ltr'>Ven.</span> <span class='ocrx_word' id='word_1_28' title='bbox 1041 969 1075 1023; x_wconf 77' lang='lat'>35</span> <span class='ocrx_word' id='word_1_29' title='bbox 1092 968 1171 1022; x_wconf 84' lang='lat' dir='ltr'>Scor-</span> 
     </span>
     <span class='ocr_line' id='line_1_6' title="bbox 147 1052 1173 1127; baseline 0 -22"><span class='ocrx_word' id='word_1_30' title='bbox 147 1063 211 1124; x_wconf 70' lang='lat' dir='ltr'>pios</span> <span class='ocrx_word' id='word_1_31' title='bbox 227 1055 317 1108; x_wconf 80' lang='lat' dir='ltr'>Heius.</span> <span class='ocrx_word' id='word_1_32' title='bbox 335 1053 460 1113; x_wconf 83' lang='lat' dir='ltr'>eMedic.</span> <span class='ocrx_word' id='word_1_33' title='bbox 480 1071 506 1109; x_wconf 84' lang='lat' dir='ltr'>et</span> <span class='ocrx_word' id='word_1_34' title='bbox 520 1054 553 1108; x_wconf 79' lang='lat' dir='ltr'>al.</span> <span class='ocrx_word' id='word_1_35' title='bbox 596 1057 727 1125; x_wconf 74' lang='lat' dir='ltr'>Scorpius</span> <span class='ocrx_word' id='word_1_36' title='bbox 745 1053 833 1124; x_wconf 77' lang='lat' dir='ltr'>vulgo.</span> <span class='ocrx_word' id='word_1_37' title='bbox 867 1055 932 1124; x_wconf 75' lang='lat' dir='ltr'>plus</span> <span class='ocrx_word' id='word_1_38' title='bbox 953 1053 1026 1127; x_wconf 69' lang='lat' dir='ltr'>tussa</span> <span class='ocrx_word' id='word_1_39' title='bbox 1041 1052 1094 1108; x_wconf 79' lang='lat' dir='ltr'>Eri.</span> <span class='ocrx_word' id='word_1_40' title='bbox 1131 1073 1173 1106; x_wconf 85' lang='lat' dir='ltr'>re·</span> 
     </span>
     <span class='ocr_line' id='line_1_7' title="bbox 147 1138 1174 1211; baseline 0.003 -21"><span class='ocrx_word' id='word_1_41' title='bbox 147 1141 230 1211; x_wconf 77' lang='lat' dir='ltr'>liquit</span> <span class='ocrx_word' id='word_1_42' title='bbox 242 1141 343 1194; x_wconf 82' lang='lat' dir='ltr'>Medic.</span> <span class='ocrx_word' id='word_1_43' title='bbox 363 1159 423 1192; x_wconf 90' lang='lat' dir='ltr'>cum</span> <span class='ocrx_word' id='word_1_44' title='bbox 436 1139 507 1193; x_wconf 88' lang='lat' dir='ltr'>Gud.</span> <span class='ocrx_word' id='word_1_45' title='bbox 529 1156 555 1193; x_wconf 87' lang='lat' dir='ltr'>et</span> <span class='ocrx_word' id='word_1_46' title='bbox 569 1141 692 1210; x_wconf 61' lang='lat' dir='ltr'>Menag„</span> <span class='ocrx_word' id='word_1_47' title='bbox 719 1139 747 1193; x_wconf 86' lang='lat' dir='ltr'>it.</span> <span class='ocrx_word' id='word_1_48' title='bbox 769 1139 847 1192; x_wconf 82' lang='lat' dir='ltr'>Rom.</span> <span class='ocrx_word' id='word_1_49' title='bbox 869 1139 959 1200; x_wconf 86' lang='lat' dir='ltr'>Pierii,</span> <span class='ocrx_word' id='word_1_50' title='bbox 985 1138 1069 1194; x_wconf 88' lang='lat' dir='ltr'>Goth.</span> <span class='ocrx_word' id='word_1_51' title='bbox 1089 1159 1128 1210; x_wconf 89' lang='lat' dir='ltr'>pr.</span> <span class='ocrx_word' id='word_1_52' title='bbox 1147 1153 1174 1193; x_wconf 82' lang='lat' dir='ltr'>et</span> 
     </span>
     <span class='ocr_line' id='line_1_8' title="bbox 145 1223 1173 1296; baseline -0.001 -19"><span class='ocrx_word' id='word_1_53' title='bbox 145 1224 197 1277; x_wconf 82' lang='lat' dir='ltr'>Ers.</span> <span class='ocrx_word' id='word_1_54' title='bbox 219 1243 247 1279; x_wconf 81' lang='lat' dir='ltr'>at</span> <span class='ocrx_word' id='word_1_55' title='bbox 265 1224 400 1279; x_wconf 79' lang='lat' dir='ltr'>ridebatur</span> <span class='ocrx_word' id='word_1_56' title='bbox 414 1226 483 1287; x_wconf 83' lang='lat' dir='ltr'>boc,</span> <span class='ocrx_word' id='word_1_57' title='bbox 507 1244 538 1278; x_wconf 79' lang='lat' dir='ltr'>ex</span> <span class='ocrx_word' id='word_1_58' title='bbox 551 1225 678 1296; x_wconf 73' lang='lat' dir='ltr'>elegantia</span> <span class='ocrx_word' id='word_1_59' title='bbox 697 1225 815 1296; x_wconf 76' lang='lat' dir='ltr'>poeticae</span> <span class='ocrx_word' id='word_1_60' title='bbox 833 1225 970 1286; x_wconf 79' lang='lat' dir='ltr'>dictionis.</span> <span class='ocrx_word' id='word_1_61' title='bbox 995 1223 1173 1296; x_wconf 84' lang='lat' dir='ltr'>recipiendum</span> 
     </span>
    </p>
   </div>
   <div class='ocr_carea' id='block_1_5' title="bbox 145 1308 1174 1450">
    <p class='ocr_par' dir='ltr' id='par_1_5' title="bbox 145 1308 1174 1450">
     <span class='ocr_line' id='line_1_9' title="bbox 147 1308 1174 1384; baseline 0.001 -21"><span class='ocrx_word' id='word_1_62' title='bbox 147 1309 211 1372; x_wconf 78' lang='lat' dir='ltr'>else.</span> <span class='ocrx_word' id='word_1_63' title='bbox 238 1330 287 1382; x_wconf 86' lang='lat' dir='ltr'>pro</span> <span class='ocrx_word' id='word_1_64' title='bbox 305 1310 404 1383; x_wconf 77' lang='lat' dir='ltr'>vulgari</span> <span class='ocrx_word' id='word_1_65' title='bbox 422 1312 562 1383; x_wconf 74' lang='lat' dir='ltr'>relinquit.</span> <span class='ocrx_word' id='word_1_66' title='bbox 597 1310 755 1382; x_wconf 82' lang='lat' dir='ltr'>Interpolate</span> <span class='ocrx_word' id='word_1_67' title='bbox 772 1308 810 1365; x_wconf 80' lang='lat' dir='ltr'>est</span> <span class='ocrx_word' id='word_1_68' title='bbox 842 1325 875 1364; x_wconf 79' lang='lat' dir='ltr'>vt</span> <span class='ocrx_word' id='word_1_69' title='bbox 896 1330 967 1364; x_wconf 84' lang='lat' dir='ltr'>c.-</span> <span class='ocrx_word' id='word_1_70' title='bbox 984 1314 1127 1384; x_wconf 73' lang='lat' dir='ltr'>relinquat</span> <span class='ocrx_word' id='word_1_71' title='bbox 1146 1311 1174 1364; x_wconf 85' lang='lat' dir='ltr'>in</span> 
     </span>
     <span class='ocr_line' id='line_1_10' title="bbox 145 1396 272 1450; baseline 0.008 -1"><span class='ocrx_word' id='word_1_72' title='bbox 145 1396 272 1450; x_wconf 69' lang='lat' dir='ltr'>arundel.</span> 
     </span>
    </p>
   </div>
   <div class='ocr_carea' id='block_1_6' title="bbox 144 1538 1241 4280">
    <p class='ocr_par' dir='ltr' id='par_1_6' title="bbox 144 1538 1241 4280">
     <span class='ocr_line' id='line_1_11' title="bbox 145 1538 1176 1627; baseline 0.004 -28"><span class='ocrx_word' id='word_1_73' title='bbox 145 1541 264 1608; x_wconf 78' lang='lat' dir='ltr'>Verum</span> <span class='ocrx_word' id='word_1_74' title='bbox 299 1541 395 1600; x_wconf 83' lang='lat' dir='ltr'>multa</span> <span class='ocrx_word' id='word_1_75' title='bbox 428 1538 574 1601; x_wconf 79' lang='lat' dir='ltr'>subtiliter</span> <span class='ocrx_word' id='word_1_76' title='bbox 602 1539 641 1600; x_wconf 88' lang='lat' dir='ltr'>de</span> <span class='ocrx_word' id='word_1_77' title='bbox 682 1538 743 1599; x_wconf 90' lang='lat' dir='ltr'>sam</span> <span class='ocrx_word' id='word_1_78' title='bbox 766 1538 936 1600; x_wconf 71' lang='lat' dir='ltr'>conuertit</span> <span class='ocrx_word' id='word_1_79' title='bbox 955 1542 1063 1619; x_wconf 82' lang='lat' dir='ltr'>visus,·</span> <span class='ocrx_word' id='word_1_80' title='bbox 1093 1542 1176 1627; x_wconf 83' lang='lat' dir='ltr'>quid</span> 
     </span>
     <span class='ocr_line' id='line_1_12' title="bbox 145 1640 1174 1725; baseline 0.001 -23"><span class='ocrx_word' id='word_1_81' title='bbox 145 1640 177 1702; x_wconf 85' lang='lat' dir='ltr'>h.</span> <span class='ocrx_word' id='word_1_82' title='bbox 200 1640 220 1704; x_wconf 92' lang='lat' dir='ltr'>l.</span> <span class='ocrx_word' id='word_1_83' title='bbox 242 1647 352 1725; x_wconf 89' lang='lat' dir='ltr'>quaeri</span> <span class='ocrx_word' id='word_1_84' title='bbox 373 1662 503 1723; x_wconf 85' lang='lat' dir='ltr'>coepere</span> <span class='ocrx_word' id='word_1_85' title='bbox 527 1646 561 1703; x_wconf 89' lang='lat' dir='ltr'>in</span> <span class='ocrx_word' id='word_1_86' title='bbox 582 1642 642 1702; x_wconf 85' lang='lat' dir='ltr'>‹lis-</span> <span class='ocrx_word' id='word_1_87' title='bbox 683 1645 771 1700; x_wconf 85' lang='lat' dir='ltr'>enim</span> <span class='ocrx_word' id='word_1_88' title='bbox 790 1642 967 1701; x_wconf 82' lang='lat' dir='ltr'>mirabitur</span> <span class='ocrx_word' id='word_1_89' title='bbox 983 1644 1040 1702; x_wconf 87' lang='lat' dir='ltr'>ille</span> <span class='ocrx_word' id='word_1_90' title='bbox 1052 1645 1174 1718; x_wconf 82' lang='lat' dir='ltr'>Maius,</span> 
     </span>
     <span class='ocr_line' id='line_1_13' title="bbox 144 1741 1176 1828; baseline 0.001 -24"><span class='ocrx_word' id='word_1_91' title='bbox 144 1749 311 1827; x_wconf 86' lang='lat' dir='ltr'>putatione</span> <span class='ocrx_word' id='word_1_92' title='bbox 329 1745 369 1805; x_wconf 88' lang='lat' dir='ltr'>de</span> <span class='ocrx_word' id='word_1_93' title='bbox 386 1746 435 1804; x_wconf 88' lang='lat' dir='ltr'>die</span> <span class='ocrx_word' id='word_1_94' title='bbox 448 1741 573 1828; x_wconf 80' lang='lat' dir='ltr'>Augusti</span> <span class='ocrx_word' id='word_1_95' title='bbox 587 1765 641 1804; x_wconf 84' lang='lat' dir='ltr'>na·</span> <span class='ocrx_word' id='word_1_96' title='bbox 683 1747 719 1803; x_wconf 82' lang='lat' dir='ltr'>in</span> <span class='ocrx_word' id='word_1_97' title='bbox 738 1741 880 1821; x_wconf 78' lang='lat' dir='ltr'>Augusti</span> <span class='ocrx_word' id='word_1_98' title='bbox 892 1745 984 1822; x_wconf 80' lang='lat' dir='ltr'>felix</span> <span class='ocrx_word' id='word_1_99' title='bbox 1011 1768 1084 1805; x_wconf 84' lang='lat' dir='ltr'>cum</span> <span class='ocrx_word' id='word_1_100' title='bbox 1102 1747 1176 1828; x_wconf 81' lang='lat' dir='ltr'>sul·</span> 
     </span>
     <span class='ocr_line' id='line_1_14' title="bbox 147 1844 1175 1930; baseline 0.002 -22"><span class='ocrx_word' id='word_1_101' title='bbox 147 1844 216 1908; x_wconf 84' lang='lat' dir='ltr'>tali:</span> <span class='ocrx_word' id='word_1_102' title='bbox 238 1862 272 1907; x_wconf 88' lang='lat' dir='ltr'>vt</span> <span class='ocrx_word' id='word_1_103' title='bbox 288 1850 380 1909; x_wconf 88' lang='lat' dir='ltr'>etiam</span> <span class='ocrx_word' id='word_1_104' title='bbox 394 1863 488 1928; x_wconf 88' lang='lat' dir='ltr'>poeta</span> <span class='ocrx_word' id='word_1_105' title='bbox 502 1847 642 1908; x_wconf 69' lang='lat' dir='ltr'>credatur</span> <span class='ocrx_word' id='word_1_106' title='bbox 673 1846 762 1923; x_wconf 81' lang='lat' dir='ltr'>serit</span> <span class='ocrx_word' id='word_1_107' title='bbox 791 1847 917 1907; x_wconf 79' lang='lat' dir='ltr'>orrum!</span> <span class='ocrx_word' id='word_1_108' title='bbox 955 1868 1025 1908; x_wconf 90' lang='lat' dir='ltr'>cum</span> <span class='ocrx_word' id='word_1_109' title='bbox 1051 1865 1175 1930; x_wconf 84' lang='lat' dir='ltr'>receptu</span> 
     </span>
     <span class='ocr_line' id='line_1_15' title="bbox 146 1946 1175 2031; baseline 0.003 -22"><span class='ocrx_word' id='word_1_110' title='bbox 146 1949 189 2009; x_wconf 85' lang='lat' dir='ltr'>ad</span> <span class='ocrx_word' id='word_1_111' title='bbox 203 1950 290 2009; x_wconf 87' lang='lat' dir='ltr'>illum</span> <span class='ocrx_word' id='word_1_112' title='bbox 304 1947 480 2030; x_wconf 80' lang='lat' dir='ltr'>respexisse,</span> <span class='ocrx_word' id='word_1_113' title='bbox 507 1953 540 2010; x_wconf 90' lang='lat' dir='ltr'>in</span> <span class='ocrx_word' id='word_1_114' title='bbox 555 1948 642 2031; x_wconf 82' lang='lat' dir='ltr'>ligno</span> <span class='ocrx_word' id='word_1_115' title='bbox 683 1946 720 2008; x_wconf 88' lang='lat' dir='ltr'>lit</span> <span class='ocrx_word' id='word_1_116' title='bbox 734 1949 839 2009; x_wconf 87' lang='lat' dir='ltr'>lectio:</span> <span class='ocrx_word' id='word_1_117' title='bbox 868 1950 904 2005; x_wconf 80' lang='lat' dir='ltr'>in</span> <span class='ocrx_word' id='word_1_118' title='bbox 924 1948 1027 2031; x_wconf 76' lang='lat' dir='ltr'>ipsum</span> <span class='ocrx_word' id='word_1_119' title='bbox 1051 1949 1110 2011; x_wconf 91' lang='lat' dir='ltr'>scil.</span> <span class='ocrx_word' id='word_1_120' title='bbox 1134 1950 1175 2012; x_wconf 83' lang='lat' dir='ltr'>sc.</span> 
     </span>
     <span class='ocr_line' id='line_1_16' title="bbox 146 2049 1175 2114; baseline 0 -1"><span class='ocrx_word' id='word_1_121' title='bbox 146 2051 260 2113; x_wconf 83' lang='lat' dir='ltr'>Librae</span> <span class='ocrx_word' id='word_1_122' title='bbox 289 2055 410 2112; x_wconf 87' lang='lat' dir='ltr'>numini</span> <span class='ocrx_word' id='word_1_123' title='bbox 438 2052 542 2114; x_wconf 77' lang='lat' dir='ltr'>tuturo</span> <span class='ocrx_word' id='word_1_124' title='bbox 580 2049 644 2113; x_wconf 81' lang='lat' dir='ltr'>affi-</span> <span class='ocrx_word' id='word_1_125' title='bbox 682 2049 744 2112; x_wconf 82' lang='lat' dir='ltr'>Alii</span> <span class='ocrx_word' id='word_1_126' title='bbox 758 2049 817 2110; x_wconf 86' lang='lat' dir='ltr'>alia</span> <span class='ocrx_word' id='word_1_127' title='bbox 833 2055 999 2112; x_wconf 83' lang='lat' dir='ltr'>commenti</span> <span class='ocrx_word' id='word_1_128' title='bbox 1013 2051 1089 2113; x_wconf 88' lang='lat' dir='ltr'>sunt.</span> <span class='ocrx_word' id='word_1_129' title='bbox 1112 2054 1175 2114; x_wconf 77' lang='lat' dir='ltr'>viri.</span> 
     </span>
     <span class='ocr_line' id='line_1_17' title="bbox 147 2151 1176 2238; baseline 0.002 -23"><span class='ocrx_word' id='word_1_130' title='bbox 147 2153 288 2238; x_wconf 83' lang='lat' dir='ltr'>gnando.</span> <span class='ocrx_word' id='word_1_131' title='bbox 368 2153 471 2236; x_wconf 82' lang='lat' dir='ltr'><strong>Vulgo</strong></span> <span class='ocrx_word' id='word_1_132' title='bbox 518 2154 644 2236; x_wconf 88' lang='lat' dir='ltr'>quidem</span> <span class='ocrx_word' id='word_1_133' title='bbox 685 2151 820 2233; x_wconf 78' lang='lat' dir='ltr'>Scaliger</span> <span class='ocrx_word' id='word_1_134' title='bbox 852 2168 884 2214; x_wconf 89' lang='lat' dir='ltr'>et</span> <span class='ocrx_word' id='word_1_135' title='bbox 916 2155 1005 2215; x_wconf 76' lang='lat' dir='ltr'>Faius</span> <span class='ocrx_word' id='word_1_136' title='bbox 1040 2155 1079 2215; x_wconf 88' lang='lat' dir='ltr'>ad</span> <span class='ocrx_word' id='word_1_137' title='bbox 1105 2158 1176 2217; x_wconf 90' lang='lat' dir='ltr'>Ma·</span> 
     </span>
     <span class='ocr_line' id='line_1_18' title="bbox 147 2253 1176 2338; baseline 0 -20"><span class='ocrx_word' id='word_1_138' title='bbox 147 2255 270 2338; x_wconf 81' lang='lat' dir='ltr'>lignum</span> <span class='ocrx_word' id='word_1_139' title='bbox 298 2260 363 2316; x_wconf 85' lang='lat' dir='ltr'>eius</span> <span class='ocrx_word' id='word_1_140' title='bbox 383 2257 487 2317; x_wconf 84' lang='lat' dir='ltr'>natale</span> <span class='ocrx_word' id='word_1_141' title='bbox 507 2254 644 2316; x_wconf 89' lang='lat' dir='ltr'>habitum</span> <span class='ocrx_word' id='word_1_142' title='bbox 685 2254 738 2314; x_wconf 87' lang='lat' dir='ltr'>nil.</span> <span class='ocrx_word' id='word_1_143' title='bbox 767 2254 787 2313; x_wconf 92' lang='lat' dir='ltr'>l.</span> <span class='ocrx_word' id='word_1_144' title='bbox 815 2253 836 2314; x_wconf 91' lang='lat' dir='ltr'>l.</span> <span class='ocrx_word' id='word_1_145' title='bbox 864 2256 978 2316; x_wconf 80' lang='lat' dir='ltr'>Lettre</span> <span class='ocrx_word' id='word_1_146' title='bbox 1014 2254 1057 2315; x_wconf 81' lang='lat' dir='ltr'>de</span> <span class='ocrx_word' id='word_1_147' title='bbox 1089 2260 1176 2318; x_wconf 80' lang='lat' dir='ltr'>Mai·</span> 
     </span>
     <span class='ocr_line' id='line_1_19' title="bbox 148 2356 1178 2442; baseline 0 -22"><span class='ocrx_word' id='word_1_148' title='bbox 148 2356 196 2420; x_wconf 85' lang='lat' dir='ltr'>est</span> <span class='ocrx_word' id='word_1_149' title='bbox 226 2358 451 2438; x_wconf 72' lang='lat' dir='ltr'>Capricornus:</span> <span class='ocrx_word' id='word_1_150' title='bbox 499 2357 569 2419; x_wconf 89' lang='lat' dir='ltr'>vide</span> <span class='ocrx_word' id='word_1_151' title='bbox 595 2358 646 2418; x_wconf 87' lang='lat' dir='ltr'>vel</span> <span class='ocrx_word' id='word_1_152' title='bbox 685 2376 748 2414; x_wconf 80' lang='lat' dir='ltr'>ran</span> <span class='ocrx_word' id='word_1_153' title='bbox 761 2356 798 2413; x_wconf 78' lang='lat' dir='ltr'>in</span> <span class='ocrx_word' id='word_1_154' title='bbox 809 2356 938 2418; x_wconf 81' lang='lat' dir='ltr'>Lettras</span> <span class='ocrx_word' id='word_1_155' title='bbox 955 2373 988 2417; x_wconf 76' lang='lat' dir='ltr'>ee</span> <span class='ocrx_word' id='word_1_156' title='bbox 1003 2362 1073 2442; x_wconf 73' lang='lat' dir='ltr'>Opu</span> <span class='ocrx_word' id='word_1_157' title='bbox 1090 2362 1178 2420; x_wconf 75' lang='lat' dir='ltr'>cules</span> 
     </span>
     <span class='ocr_line' id='line_1_20' title="bbox 148 2457 1241 2542; baseline 0.003 -21"><span class='ocrx_word' id='word_1_158' title='bbox 148 2463 236 2522; x_wconf 82' lang='lat' dir='ltr'>Suet.</span> <span class='ocrx_word' id='word_1_159' title='bbox 249 2462 329 2542; x_wconf 80' lang='lat' dir='ltr'>Aug.</span> <span class='ocrx_word' id='word_1_160' title='bbox 346 2469 405 2540; x_wconf 73' lang='lat'>943</span> <span class='ocrx_word' id='word_1_161' title='bbox 430 2460 513 2521; x_wconf 87' lang='lat' dir='ltr'>idem</span> <span class='ocrx_word' id='word_1_162' title='bbox 534 2465 569 2522; x_wconf 91' lang='lat' dir='ltr'>in</span> <span class='ocrx_word' id='word_1_163' title='bbox 588 2481 646 2520; x_wconf 90' lang='lat' dir='ltr'>nu·</span> <span class='ocrx_word' id='word_1_164' title='bbox 685 2480 717 2539; x_wconf 88' lang='lat' dir='ltr'>p.</span> <span class='ocrx_word' id='word_1_165' title='bbox 732 2461 791 2538; x_wconf 82' lang='lat'>275</span> <span class='ocrx_word' id='word_1_166' title='bbox 807 2457 893 2542; x_wconf 85' lang='lat' dir='ltr'>sqq).</span> <span class='ocrx_word' id='word_1_167' title='bbox 935 2462 1103 2523; x_wconf 86' lang='lat' dir='ltr'>Enimuero</span> <span class='ocrx_word' id='word_1_168' title='bbox 1118 2463 1177 2524; x_wconf 85' lang='lat' dir='ltr'>sus·</span> <span class='ocrx_word' id='word_1_169' title='bbox 1233 2459 1241 2487; x_wconf 74' lang='lat'>⁸</span> 
     </span>
     <span class='ocr_line' id='line_1_21' title="bbox 149 2557 1176 2645; baseline 0 -20"><span class='ocrx_word' id='word_1_170' title='bbox 149 2568 209 2625; x_wconf 80' lang='lat' dir='ltr'>mia</span> <span class='ocrx_word' id='word_1_171' title='bbox 227 2557 355 2645; x_wconf 76' lang='lat' dir='ltr'>Augusti</span> <span class='ocrx_word' id='word_1_172' title='bbox 374 2560 502 2622; x_wconf 87' lang='lat' dir='ltr'>obuium</span> <span class='ocrx_word' id='word_1_173' title='bbox 522 2578 555 2623; x_wconf 87' lang='lat' dir='ltr'>et</span> <span class='ocrx_word' id='word_1_174' title='bbox 583 2567 646 2645; x_wconf 83' lang='lat' dir='ltr'>egit</span> <span class='ocrx_word' id='word_1_175' title='bbox 686 2559 748 2620; x_wconf 82' lang='lat' dir='ltr'>ficit</span> <span class='ocrx_word' id='word_1_176' title='bbox 788 2561 828 2620; x_wconf 83' lang='lat' dir='ltr'>ad</span> <span class='ocrx_word' id='word_1_177' title='bbox 869 2578 983 2642; x_wconf 86' lang='lat' dir='ltr'>poetae</span> <span class='ocrx_word' id='word_1_178' title='bbox 1021 2580 1176 2640; x_wconf 74' lang='lat' dir='ltr'>mentem,</span> 
     </span>
     <span class='ocr_line' id='line_1_22' title="bbox 153 2661 1176 2748; baseline 0.003 -23"><span class='ocrx_word' id='word_1_179' title='bbox 153 2666 195 2726; x_wconf 85' lang='lat' dir='ltr'>de</span> <span class='ocrx_word' id='word_1_180' title='bbox 219 2686 260 2727; x_wconf 87' lang='lat' dir='ltr'>eo</span> <span class='ocrx_word' id='word_1_181' title='bbox 286 2663 407 2743; x_wconf 85' lang='lat' dir='ltr'>copiose</span> <span class='ocrx_word' id='word_1_182' title='bbox 428 2663 576 2748; x_wconf 85' lang='lat' dir='ltr'>Schlegel.</span> <span class='ocrx_word' id='word_1_183' title='bbox 606 2664 646 2725; x_wconf 90' lang='lat' dir='ltr'>ad</span> <span class='ocrx_word' id='word_1_184' title='bbox 687 2663 773 2743; x_wconf 90' lang='lat' dir='ltr'>quod</span> <span class='ocrx_word' id='word_1_185' title='bbox 811 2661 849 2721; x_wconf 91' lang='lat' dir='ltr'>ab</span> <span class='ocrx_word' id='word_1_186' title='bbox 885 2667 974 2725; x_wconf 89' lang='lat' dir='ltr'>initio</span> <span class='ocrx_word' id='word_1_187' title='bbox 1012 2668 1176 2746; x_wconf 82' lang='lat' dir='ltr'>posuimus.</span> 
     </span>
     <span class='ocr_line' id='line_1_23' title="bbox 150 2763 1179 2847; baseline 0.002 -19"><span class='ocrx_word' id='word_1_188' title='bbox 150 2766 279 2828; x_wconf 84' lang='lat' dir='ltr'>Moretli</span> <span class='ocrx_word' id='word_1_189' title='bbox 293 2765 393 2846; x_wconf 83' lang='lat' dir='ltr'>Impp.</span> <span class='ocrx_word' id='word_1_190' title='bbox 412 2767 450 2825; x_wconf 91' lang='lat' dir='ltr'>T.</span> <span class='ocrx_word' id='word_1_191' title='bbox 472 2766 496 2826; x_wconf 92' lang='lat' dir='ltr'>l.</span> <span class='ocrx_word' id='word_1_192' title='bbox 520 2788 552 2846; x_wconf 88' lang='lat' dir='ltr'>p.</span> <span class='ocrx_word' id='word_1_193' title='bbox 577 2776 645 2846; x_wconf 75' lang='lat'><strong>194.</strong></span> <span class='ocrx_word' id='word_1_194' title='bbox 688 2763 802 2824; x_wconf 80' lang='lat' dir='ltr'>Chelae</span> <span class='ocrx_word' id='word_1_195' title='bbox 816 2767 1113 2847; x_wconf 74' lang='lat' dir='ltr'>autemstequenres,</span> <span class='ocrx_word' id='word_1_196' title='bbox 1129 2771 1179 2830; x_wconf 88' lang='lat' dir='ltr'>vel</span> 
     </span>
     <span class='ocr_line' id='line_1_24' title="bbox 151 2865 1179 2950; baseline 0.001 -22"><span class='ocrx_word' id='word_1_197' title='bbox 151 2870 218 2930; x_wconf 82' lang='lat' dir='ltr'>dies</span> <span class='ocrx_word' id='word_1_198' title='bbox 233 2866 342 2928; x_wconf 82' lang='lat' dir='ltr'>natalis</span> <span class='ocrx_word' id='word_1_199' title='bbox 363 2868 489 2928; x_wconf 88' lang='lat' dir='ltr'>traditur</span> <span class='ocrx_word' id='word_1_200' title='bbox 509 2868 555 2927; x_wconf 85' lang='lat' dir='ltr'>IX</span> <span class='ocrx_word' id='word_1_201' title='bbox 576 2868 645 2928; x_wconf 87' lang='lat' dir='ltr'>Kal.</span> <span class='ocrx_word' id='word_1_202' title='bbox 688 2870 758 2948; x_wconf 88' lang='lat' dir='ltr'>quia</span> <span class='ocrx_word' id='word_1_203' title='bbox 777 2867 920 2946; x_wconf 75' lang='lat' dir='ltr'>Scorpius</span> <span class='ocrx_word' id='word_1_204' title='bbox 937 2865 1055 2950; x_wconf 88' lang='lat' dir='ltr'>Virgini</span> <span class='ocrx_word' id='word_1_205' title='bbox 1079 2891 1096 2928; x_wconf 93' lang='lat' dir='ltr'>a</span> <span class='ocrx_word' id='word_1_206' title='bbox 1118 2885 1179 2929; x_wconf 89' lang='lat' dir='ltr'>ter·</span> 
     </span>
     <span class='ocr_line' id='line_1_25' title="bbox 152 2965 1178 3052; baseline 0.002 -22"><span class='ocrx_word' id='word_1_207' title='bbox 152 2970 316 3039; x_wconf 86' lang='lat' dir='ltr'>Octobris,</span> <span class='ocrx_word' id='word_1_208' title='bbox 338 2969 401 3029; x_wconf 84' lang='lat' dir='ltr'>solo</span> <span class='ocrx_word' id='word_1_209' title='bbox 415 2991 451 3028; x_wconf 86' lang='lat' dir='ltr'>ex</span> <span class='ocrx_word' id='word_1_210' title='bbox 467 2971 581 3052; x_wconf 89' lang='lat' dir='ltr'>vulgari</span> <span class='ocrx_word' id='word_1_211' title='bbox 600 2991 647 3029; x_wconf 86' lang='lat' dir='ltr'>ra·</span> <span class='ocrx_word' id='word_1_212' title='bbox 688 2990 728 3050; x_wconf 86' lang='lat' dir='ltr'>go</span> <span class='ocrx_word' id='word_1_213' title='bbox 744 2965 795 3041; x_wconf 85' lang='lat' dir='ltr'>est,</span> <span class='ocrx_word' id='word_1_214' title='bbox 824 2969 873 3028; x_wconf 86' lang='lat' dir='ltr'>vel</span> <span class='ocrx_word' id='word_1_215' title='bbox 890 2975 1013 3049; x_wconf 86' lang='lat' dir='ltr'>poetico</span> <span class='ocrx_word' id='word_1_216' title='bbox 1028 2969 1178 3051; x_wconf 78' lang='lat' dir='ltr'>epitheto,</span> 
     </span>
     <span class='ocr_line' id='line_1_26' title="bbox 153 3067 1180 3154; baseline -0.001 -20"><span class='ocrx_word' id='word_1_217' title='bbox 153 3079 241 3136; x_wconf 86' lang='lat' dir='ltr'>tione</span> <span class='ocrx_word' id='word_1_218' title='bbox 261 3070 385 3131; x_wconf 86' lang='lat' dir='ltr'>Libram</span> <span class='ocrx_word' id='word_1_219' title='bbox 415 3070 565 3154; x_wconf 81' lang='lat' dir='ltr'>ingresso,</span> <span class='ocrx_word' id='word_1_220' title='bbox 609 3093 646 3132; x_wconf 82' lang='lat' dir='ltr'>ex</span> <span class='ocrx_word' id='word_1_221' title='bbox 687 3086 720 3129; x_wconf 81' lang='lat' dir='ltr'>vt</span> <span class='ocrx_word' id='word_1_222' title='bbox 742 3068 874 3131; x_wconf 84' lang='lat' dir='ltr'>hederae</span> <span class='ocrx_word' id='word_1_223' title='bbox 894 3067 1011 3133; x_wconf 77' lang='lat' dir='ltr'>flexiles</span> <span class='ocrx_word' id='word_1_224' title='bbox 1037 3073 1180 3134; x_wconf 89' lang='lat' dir='ltr'>dicuntur</span> 
     </span>
     <span class='ocr_line' id='line_1_27' title="bbox 151 3160 1179 3256; baseline 0.002 -20"><span class='ocrx_word' id='word_1_225' title='bbox 151 3197 228 3236; x_wconf 86' lang='lat' dir='ltr'>vera</span> <span class='ocrx_word' id='word_1_226' title='bbox 259 3191 364 3234; x_wconf 86' lang='lat' dir='ltr'>autem</span> <span class='ocrx_word' id='word_1_227' title='bbox 391 3172 491 3233; x_wconf 89' lang='lat' dir='ltr'>adhuc</span> <span class='ocrx_word' id='word_1_228' title='bbox 519 3179 551 3235; x_wconf 88' lang='lat' dir='ltr'>in</span> <span class='ocrx_word' id='word_1_229' title='bbox 579 3175 647 3234; x_wconf 89' lang='lat' dir='ltr'>Vir·</span> <span class='ocrx_word' id='word_1_230' title='bbox 687 3160 840 3254; x_wconf 52' lang='lat' dir='ltr'>sequacesss</span> <span class='ocrx_word' id='word_1_231' title='bbox 884 3172 1006 3234; x_wconf 76' lang='lat' dir='ltr'>ardens</span> <span class='ocrx_word' id='word_1_232' title='bbox 1034 3177 1179 3256; x_wconf 75' lang='lat' dir='ltr'>Scorpius</span> 
     </span>
     <span class='ocr_line' id='line_1_28' title="bbox 152 3274 1181 3360; baseline -0.001 -23"><span class='ocrx_word' id='word_1_233' title='bbox 152 3282 227 3360; x_wconf 79' lang='lat' dir='ltr'>gine</span> <span class='ocrx_word' id='word_1_234' title='bbox 249 3275 404 3347; x_wconf 78' lang='lat' dir='ltr'>versante,</span> <span class='ocrx_word' id='word_1_235' title='bbox 432 3295 499 3335; x_wconf 90' lang='lat' dir='ltr'>non</span> <span class='ocrx_word' id='word_1_236' title='bbox 520 3296 594 3336; x_wconf 90' lang='lat' dir='ltr'>vero</span> <span class='ocrx_word' id='word_1_237' title='bbox 615 3280 648 3335; x_wconf 89' lang='lat' dir='ltr'>in</span> <span class='ocrx_word' id='word_1_238' title='bbox 689 3291 844 3356; x_wconf 87' lang='lat' dir='ltr'>tamquam</span> <span class='ocrx_word' id='word_1_239' title='bbox 862 3274 959 3347; x_wconf 74' lang='lat' dir='ltr'>sidua:</span> <span class='ocrx_word' id='word_1_240' title='bbox 992 3276 1053 3338; x_wconf 91' lang='lat' dir='ltr'>hoc</span> <span class='ocrx_word' id='word_1_241' title='bbox 1069 3274 1181 3359; x_wconf 36' lang='lat' dir='ltr'>simpli,-</span> 
     </span>
     <span class='ocr_line' id='line_1_29' title="bbox 155 3375 1181 3462; baseline 0.001 -22"><span class='ocrx_word' id='word_1_242' title='bbox 155 3378 358 3462; x_wconf 88' lang='lat' dir='ltr'>Capricorno.</span> <span class='ocrx_word' id='word_1_243' title='bbox 401 3379 522 3438; x_wconf 88' lang='lat' dir='ltr'>Scilicet</span> <span class='ocrx_word' id='word_1_244' title='bbox 541 3379 648 3438; x_wconf 88' lang='lat' dir='ltr'>eadem</span> <span class='ocrx_word' id='word_1_245' title='bbox 691 3375 846 3442; x_wconf 83' lang='lat' dir='ltr'>ciffimum.</span> <span class='ocrx_word' id='word_1_246' title='bbox 891 3377 976 3455; x_wconf 71' lang='lat' dir='ltr'>iqsla</span> <span class='ocrx_word' id='word_1_247' title='bbox 990 3380 1067 3461; x_wconf 80' lang='lat' dir='ltr'>plus</span> <span class='ocrx_word' id='word_1_248' title='bbox 1081 3395 1181 3461; x_wconf 80' lang='lat' dir='ltr'>parte</span> 
     </span>
     <span class='ocr_line' id='line_1_30' title="bbox 152 3477 1182 3564; baseline 0.001 -21"><span class='ocrx_word' id='word_1_249' title='bbox 152 3497 249 3543; x_wconf 86' lang='lat' dir='ltr'>nocte</span> <span class='ocrx_word' id='word_1_250' title='bbox 277 3481 366 3539; x_wconf 90' lang='lat' dir='ltr'>Luna</span> <span class='ocrx_word' id='word_1_251' title='bbox 398 3484 432 3539; x_wconf 91' lang='lat' dir='ltr'>in</span> <span class='ocrx_word' id='word_1_252' title='bbox 461 3481 648 3561; x_wconf 88' lang='lat' dir='ltr'>Capricorno</span> <span class='ocrx_word' id='word_1_253' title='bbox 691 3481 865 3562; x_wconf 84' lang='lat' dir='ltr'>eleganter;</span> <span class='ocrx_word' id='word_1_254' title='bbox 900 3480 940 3541; x_wconf 94' lang='lat' dir='ltr'>ad</span> <span class='ocrx_word' id='word_1_255' title='bbox 952 3477 1070 3564; x_wconf 68' lang='lat' dir='ltr'>ligium</span> <span class='ocrx_word' id='word_1_256' title='bbox 1085 3486 1182 3544; x_wconf 86' lang='lat' dir='ltr'>maio·</span> 
     </span>
     <span class='ocr_line' id='line_1_31' title="bbox 155 3582 1182 3668; baseline -0.001 -23"><span class='ocrx_word' id='word_1_257' title='bbox 155 3599 225 3646; x_wconf 88' lang='lat' dir='ltr'>erat</span> <span class='ocrx_word' id='word_1_258' title='bbox 255 3582 352 3664; x_wconf 83' lang='lat' dir='ltr'>gradu</span> <span class='ocrx_word' id='word_1_259' title='bbox 381 3582 457 3641; x_wconf 87' lang='lat' dir='ltr'>XVI</span> <span class='ocrx_word' id='word_1_260' title='bbox 486 3583 536 3643; x_wconf 88' lang='lat' dir='ltr'>vel</span> <span class='ocrx_word' id='word_1_261' title='bbox 560 3583 651 3642; x_wconf 87' lang='lat' dir='ltr'>XVII</span> <span class='ocrx_word' id='word_1_262' title='bbox 690 3587 730 3643; x_wconf 87' lang='lat' dir='ltr'>ris</span> <span class='ocrx_word' id='word_1_263' title='bbox 750 3587 943 3645; x_wconf 84' lang='lat' dir='ltr'>reuerentiae</span> <span class='ocrx_word' id='word_1_264' title='bbox 962 3584 1050 3665; x_wconf 83' lang='lat' dir='ltr'>plus,</span> <span class='ocrx_word' id='word_1_265' title='bbox 1088 3605 1182 3668; x_wconf 81' lang='lat' dir='ltr'>quum</span> 
     </span>
     <span class='ocr_line' id='line_1_32' title="bbox 154 3682 1182 3764; baseline 0.003 -18"><span class='ocrx_word' id='word_1_266' title='bbox 154 3685 230 3764; x_wconf 86' lang='lat' dir='ltr'>(vid.</span> <span class='ocrx_word' id='word_1_267' title='bbox 251 3682 397 3764; x_wconf 78' lang='lat' dir='ltr'>Alpheus</span> <span class='ocrx_word' id='word_1_268' title='bbox 421 3682 478 3743; x_wconf 85' lang='lat' dir='ltr'>des</span> <span class='ocrx_word' id='word_1_269' title='bbox 496 3685 652 3762; x_wconf 79' lang='lat' dir='ltr'>Vignoles</span> <span class='ocrx_word' id='word_1_270' title='bbox 686 3683 801 3746; x_wconf 86' lang='lat' dir='ltr'>iustum</span> <span class='ocrx_word' id='word_1_271' title='bbox 822 3706 857 3746; x_wconf 89' lang='lat' dir='ltr'>ac</span> <span class='ocrx_word' id='word_1_272' title='bbox 878 3682 999 3748; x_wconf 85' lang='lat' dir='ltr'>necessa</span> <span class='ocrx_word' id='word_1_273' title='bbox 1021 3703 1104 3762; x_wconf 87' lang='lat' dir='ltr'>erat,</span> <span class='ocrx_word' id='word_1_274' title='bbox 1142 3687 1182 3749; x_wconf 83' lang='lat' dir='ltr'>do</span> 
     </span>
     <span class='ocr_line' id='line_1_33' title="bbox 155 3785 1180 3869; baseline 0.002 -20"><span class='ocrx_word' id='word_1_275' title='bbox 155 3794 192 3849; x_wconf 89' lang='lat' dir='ltr'>in</span> <span class='ocrx_word' id='word_1_276' title='bbox 206 3787 288 3865; x_wconf 84' lang='lat' dir='ltr'>Hist.</span> <span class='ocrx_word' id='word_1_277' title='bbox 303 3785 435 3848; x_wconf 69' lang='lat' dir='ltr'>cricde</span> <span class='ocrx_word' id='word_1_278' title='bbox 450 3787 574 3869; x_wconf 81' lang='lat' dir='ltr'>laRep.</span> <span class='ocrx_word' id='word_1_279' title='bbox 595 3786 652 3847; x_wconf 87' lang='lat' dir='ltr'>des</span> <span class='ocrx_word' id='word_1_280' title='bbox 694 3789 763 3851; x_wconf 90' lang='lat' dir='ltr'>loco</span> <span class='ocrx_word' id='word_1_281' title='bbox 790 3785 921 3849; x_wconf 83' lang='lat' dir='ltr'>decessit.</span> <span class='ocrx_word' id='word_1_282' title='bbox 985 3789 1055 3851; x_wconf 80' lang='lat' dir='ltr'>Alio</span> <span class='ocrx_word' id='word_1_283' title='bbox 1085 3790 1180 3851; x_wconf 86' lang='lat' dir='ltr'>modo</span> 
     </span>
     <span class='ocr_line' id='line_1_34' title="bbox 156 3888 1183 3971; baseline 0.002 -23"><span class='ocrx_word' id='word_1_284' title='bbox 156 3892 287 3949; x_wconf 82' lang='lat' dir='ltr'>Lettres</span> <span class='ocrx_word' id='word_1_285' title='bbox 308 3888 347 3948; x_wconf 89' lang='lat' dir='ltr'>T.</span> <span class='ocrx_word' id='word_1_286' title='bbox 360 3889 414 3949; x_wconf 76' lang='lat' dir='ltr'>xJ„</span> <span class='ocrx_word' id='word_1_287' title='bbox 434 3889 511 3964; x_wconf 77' lang='lat' dir='ltr'>xit,</span> <span class='ocrx_word' id='word_1_288' title='bbox 544 3893 597 3971; x_wconf 92' lang='lat' dir='ltr'>qui</span> <span class='ocrx_word' id='word_1_289' title='bbox 619 3894 653 3951; x_wconf 89' lang='lat' dir='ltr'>in</span> <span class='ocrx_word' id='word_1_290' title='bbox 693 3891 797 3952; x_wconf 88' lang='lat' dir='ltr'>locum</span> <span class='ocrx_word' id='word_1_291' title='bbox 811 3889 893 3952; x_wconf 91' lang='lat' dir='ltr'>hunc</span> <span class='ocrx_word' id='word_1_292' title='bbox 915 3895 1055 3952; x_wconf 85' lang='lat' dir='ltr'>tractauit</span> <span class='ocrx_word' id='word_1_293' title='bbox 1067 3891 1107 3950; x_wconf 86' lang='lat' dir='ltr'>de</span> <span class='ocrx_word' id='word_1_294' title='bbox 1120 3890 1183 3950; x_wconf 82' lang='lat' dir='ltr'>Ve-</span> 
     </span>
     <span class='ocr_line' id='line_1_35' title="bbox 156 3989 1183 4074; baseline -0.004 -22"><span class='ocrx_word' id='word_1_295' title='bbox 156 3990 293 4052; x_wconf 86' lang='lat' dir='ltr'>eandem</span> <span class='ocrx_word' id='word_1_296' title='bbox 331 3989 512 4052; x_wconf 84' lang='lat' dir='ltr'>sententiam</span> <span class='ocrx_word' id='word_1_297' title='bbox 547 3992 653 4054; x_wconf 87' lang='lat' dir='ltr'>lectio·</span> <span class='ocrx_word' id='word_1_298' title='bbox 694 3990 830 4074; x_wconf 77' lang='lat' dir='ltr'>spasiano</span> <span class='ocrx_word' id='word_1_299' title='bbox 851 3993 963 4060; x_wconf 74' lang='lat' dir='ltr'>Valet.</span> <span class='ocrx_word' id='word_1_300' title='bbox 983 3992 1068 4064; x_wconf 74' lang='grc' dir='ltr'>ΕΗ,</span> <span class='ocrx_word' id='word_1_301' title='bbox 1086 3993 1123 4054; x_wconf 87' lang='lat'>16</span> <span class='ocrx_word' id='word_1_302' title='bbox 1140 3990 1183 4073; x_wconf 90' lang='lat' dir='ltr'>sq.</span> 
     </span>
     <span class='ocr_line' id='line_1_36' title="bbox 158 4090 1181 4176; baseline -0.005 -20"><span class='ocrx_word' id='word_1_303' title='bbox 158 4114 235 4156; x_wconf 86' lang='lat' dir='ltr'>nem</span> <span class='ocrx_word' id='word_1_304' title='bbox 257 4093 377 4153; x_wconf 88' lang='lat' dir='ltr'>Manilii</span> <span class='ocrx_word' id='word_1_305' title='bbox 396 4094 436 4167; x_wconf 90' lang='lat'>11,</span> <span class='ocrx_word' id='word_1_306' title='bbox 460 4098 522 4176; x_wconf 85' lang='lat'>507</span> <span class='ocrx_word' id='word_1_307' title='bbox 545 4094 652 4157; x_wconf 86' lang='lat' dir='ltr'>trahit:</span> <span class='ocrx_word' id='word_1_308' title='bbox 695 4117 768 4154; x_wconf 84' lang='lat' dir='ltr'>cum</span> <span class='ocrx_word' id='word_1_309' title='bbox 782 4098 850 4155; x_wconf 82' lang='lat' dir='ltr'>iam</span> <span class='ocrx_word' id='word_1_310' title='bbox 860 4098 993 4173; x_wconf 79' lang='lat' dir='ltr'>genitor</span> <span class='ocrx_word' id='word_1_311' title='bbox 1008 4091 1128 4153; x_wconf 80' lang='lat' dir='ltr'>lucebis</span> <span class='ocrx_word' id='word_1_312' title='bbox 1138 4090 1181 4151; x_wconf 79' lang='lat' dir='ltr'>ab</span> 
     </span>
     <span class='ocr_line' id='line_1_37' title="bbox 158 4194 1067 4280; baseline 0 -24"><span class='ocrx_word' id='word_1_313' title='bbox 158 4211 281 4256; x_wconf 80' lang='lat' dir='ltr'>contra</span> <span class='ocrx_word' id='word_1_314' title='bbox 303 4196 521 4278; x_wconf 77' lang='lat' dir='ltr'>Capricornus</span> <span class='ocrx_word' id='word_1_315' title='bbox 549 4201 585 4259; x_wconf 81' lang='lat' dir='ltr'>in</span> <span class='ocrx_word' id='word_1_316' title='bbox 606 4203 653 4280; x_wconf 88' lang='lat' dir='ltr'>ip·</span> <span class='ocrx_word' id='word_1_317' title='bbox 696 4200 786 4260; x_wconf 83' lang='lat' dir='ltr'>omni</span> <span class='ocrx_word' id='word_1_318' title='bbox 801 4213 900 4280; x_wconf 82' lang='lat' dir='ltr'>parte</span> <span class='ocrx_word' id='word_1_319' title='bbox 919 4199 992 4280; x_wconf 82' lang='lat' dir='ltr'>poli</span> <span class='ocrx_word' id='word_1_320' title='bbox 1004 4194 1067 4279; x_wconf 87' lang='lat' dir='ltr'>sqq.</span> 
     </span>
    </p>
   </div>
   <div class='ocr_carea' id='block_1_7' title="bbox 0 0 1366 4914">
    <p class='ocr_par' dir='ltr' id='par_1_7' title="bbox 0 0 1366 4914">
     <span class='ocr_line' id='line_1_38' title="bbox 0 0 1366 4914; baseline 0 0"><span class='ocrx_word' id='word_1_321' title='bbox 0 0 1366 4914; x_wconf 95' lang='lat' dir='ltr'> </span> 
     </span>
    </p>
   </div>
  </div>
 </body>
</html>
