2692 4914
333 325 635 404 BVCOLIGA
662 326 1017 429 EGL.1,67··73
1143 334 1194 423 49

160 516 337 614 Paupetis
362 533 401 588 et
420 520 548 616 tugurI
579 511 796 616 congestum
815 512 950 615 cespite
975 510 1137 603 eulmen,

158 648 238 723 Post
272 649 437 750 aliquot,
479 677 565 725 mea
594 676 710 750 regna
733 648 883 740 videns,
920 650 1086 724 mirabor
1116 653 1187 722 ati·

776 779 873 859 stas?
1134 804 1185 881 70

155 920 278 1016 Inpius
303 914 402 989 haec
430 933 509 988 tam
530 916 631 990 culta
649 915 802 992 nonalia
826 916 933 993 milet
954 912 1134 990 habebit?

151 1048 330 1126 Barbarus
349 1048 416 1122 has
434 1046 597 1149 segetes?
644 1077 710 1142 en,
736 1077 813 1153 quo
835 1050 1022 1127 discordia
1041 1053 1134 1125 ciuis

151 1182 334 1257 Produxit
355 1181 527 1258 miseros!
574 1210 641 1276 en,
687 1190 770 1291 quis
792 1186 1026 1265 oonseuimus
1047 1181 1179 1285 agros!

148 1382 296 1434 unquam
313 1363 385 1416 Ven.
427 1365 474 1420 En
496 1384 640 1436 nunquam
660 1383 724 1419 mut
742 1367 831 1421 He'ms.
899 1371 934 1439 69
953 1366 1056 1439 tugurs
1070 1383 1094 1416 v.
1107 1363 1175 1416 Piet.

151 1467 178 1516 7²
192 1448 281 1501 walt
297 1448 372 1521 apud
384 1449 473 1503 Heius.
494 1450 682 1524 difflnpuebtt:
713 1453 820 1523 Impius
833 1480 868 1498 ι·-
880 1455 961 1508 miset
980 1451 1094 1504 habessit
1105 1450 1176 1501 Bar·

150 1533 250 1589 sorus?
285 1535 341 1586 stas
356 1535 497 1608 segetes?
528 1553 555 1590 vt
574 1553 599 1591 et
616 1553 671 1591 etat
688 1537 717 1589 in
737 1537 796 1590 cod.
812 1539 901 1590 Frtnc.
970 1538 1003 1605 73
1022 1534 1172 1589 Produxtt.

148 1621 179 1674 lta
196 1640 228 1674 ex
242 1617 337 1675 tinini
353 1637 379 1674 tt
391 1622 469 1675 Pierii
482 1623 570 1677 Codd.
590 1621 672 1675 edidit
682 1621 788 1683 Heins.;
812 1620 905 1692 vulgo.
927 1621 1080 1682 Perduxit,
1100 1619 1174 1692 quod
1264 1613 1265 1617 ¹

148 1707 224 1776 ptuit
245 1705 392 1760 auctorita·
414 1706 501 1761 Votic.
526 1725 552 1764 et
570 1707 691 1780 Longob.
717 1722 818 1768 tuetur;
851 1704 975 1779 quodque
989 1705 1174 1777 nuncrepetiit

146 1862 200 1918 erit
219 1877 375 1939 vnqvam
395 1858 457 1918 Isso
479 1858 558 1922 dies.
600 1860 640 1921 Is-
682 1872 754 1918 tam
789 1858 870 1926 culti
901 1858 976 1936 agri
1014 1855 1174 1937 (nonalia

146 1959 366 2022 lustratlseins.
388 1959 639 2042 adh.l.1ntpp.
681 1951 850 2040 dixitv.71
870 1964 998 2021 omnino
1014 1981 1074 2040 pro
1095 1947 1175 2042 agiis

145 2063 202 2125 ltu.
220 2062 346 2135 XXIV,
378 2069 425 2139 ¹4·
450 2063 556 2137 XXX,
589 2084 639 2124 αι.
681 2060 856 2144 quibusutz)
879 2082 942 2143 per
969 2082 1074 2121 nouos
1089 2063 1174 2140 suot

146 2185 187 2245 7⁰·
216 2165 327 2247 Vulgo
348 2161 469 2240 aristas
488 2165 528 2225 de
550 2168 638 2225 annis
680 2164 814 2222 colonos
828 2162 950 2222 inculti
967 2165 1172 2248 neglectique

146 2271 253 2349 exponi
268 2281 384 2326 notum
400 2263 451 2326 est.
493 2267 532 2327 ln
555 2265 639 2326 hunc
679 2264 859 2324 iacebunt?
891 2281 925 2326 vt
945 2266 1003 2328 Ge.
1023 2267 1078 2340 111,
1106 2269 1173 2348 476

144 2369 253 2431 sensum
283 2373 349 2429 iam
374 2367 559 2429 Claudianus
589 2388 639 2428 ao·
678 2368 775 2428 Nune
790 2366 1107 2451 quoqueposttanto
1121 2370 1172 2428 oi·

147 2471 249 2556 otpiss'e
263 2471 399 2543 videtur,
422 2473 476 2553 qui
488 2469 635 2531 IVCons.
679 2468 759 2531 deat
776 2470 969 2554 desertaque
988 2491 1093 2549 regna
1103 2471 1170 2530 Pa·

146 2575 257 2637 Honor.
272 2576 338 2652 372
361 2571 506 2631 decimas
527 2572 637 2632 'emen-
668 2569 807 2648 storum.
836 2572 1080 2657 Insequentibus
1093 2592 1172 2653 poe·

139 2677 186 2751 sos
200 2673 322 2753 aristas
338 2674 423 2734 dixit.
459 2676 528 2733 Huc
543 2680 635 2734 etiam
677 2688 708 2733 ta
721 2673 763 2734 sui
781 2675 983 2737 obliuiscitur:
1010 2671 1114 2755 postor
1128 2674 1169 2735 de

146 2779 264 2853 titani,
285 2770 427 2862 χείματᾶ
443 2799 478 2840 τε
498 2772 583 2848 ποιάς
598 2803 634 2842 τε
676 2776 836 2860 segetibus,
853 2778 892 2838 de
908 2776 1035 2851 ciuibus,
1059 2777 1097 2837 de
1111 2797 1170 2856 po·

146 2877 190 2946 sio
210 2882 264 2946 aas
285 2881 378 2944 εἴκοσι
399 2873 509 2952 πάσας,
537 2881 634 2940 oduo·
675 2901 798 2939 morum
819 2877 978 2953 insitione,
1012 2879 1052 2938 de
1078 2882 1169 2938 vinea

147 2989 198 3043 cari
230 2980 377 3065 possunt,
423 3003 471 3062 ap.
505 2982 632 3042 Pausan.
676 2985 748 3064 agit.
783 3002 833 3059 71.
852 2983 983 3062 Impius,
997 2978 1168 3055 sceleratus,

147 3083 191 3158 IV,
210 3107 246 3165 17
262 3099 340 3147 extr.
376 3083 545 3145 Enimuero
560 3106 634 3144 mea
675 3083 825 3143 nefarius:
880 3096 987 3162 vtpote
1021 3085 1056 3144 in
1083 3079 1165 3142 bello

148 3207 240 3266 tegna
281 3185 483 3247 subiiciuntur
514 3189 634 3266 patriis
676 3185 768 3245 ciuili.
810 3179 873 3244 Etsi
901 3187 1029 3245 omnino
1052 3204 1166 3265 perpe·

145 3289 256 3369 finibus
287 3310 316 3350 v.
338 3290 398 3361 68,
444 3308 480 3348 ao
500 3293 632 3368 tugurio
676 3304 762 3347 tuum
783 3284 945 3368 epitheton
967 3281 1027 3347 estt
1062 3288 1166 3368 impia

147 3409 167 3452 t.
189 3395 247 3472 69,
285 3406 317 3452 et
341 3391 466 3452 eosdem
490 3414 578 3476 agros
602 3408 635 3453 et
674 3391 768 3449 bella.
817 3391 936 3470 impius
959 3385 1065 3465 hostis.
1105 3393 1166 3449 im·

148 3489 335 3572 posseffiones
364 3492 464 3554 miseri
485 3496 634 3558 Meliboei
669 3498 746 3576 pius
760 3491 849 3570 enses.
877 3506 910 3551 vt
925 3490 1092 3577 synonyma
1108 3490 1167 3553 sint

151 3593 309 3666 denotan13
351 3595 429 3657 haec
457 3601 560 3680 itaque
590 3601 634 3657 vi·
674 3596 725 3661 τοῦ
748 3596 865 3671 saeuus,
894 3594 997 3667 durus,
1026 3596 1165 3656 crudelis.

152 3696 215 3757 dem
227 3695 314 3777 post,
340 3695 467 3780 posthac
484 3702 533 3777 (ex
547 3721 575 3759 v.
593 3701 635 3778 68
675 3701 791 3761 Contra
808 3702 886 3780 pius
905 3693 948 3757 est
968 3701 1067 3771 mitis,
1109 3697 1166 3758 hu·

153 3798 239 3878 longo
269 3798 343 3883 post
374 3816 520 3883 tempore
520 3805 567 3886 ),
602 3801 633 3866 h.
673 3805 824 3864 munitatis
873 3799 990 3861 sensum
1041 3798 1166 3862 habens.

156 3903 264 3981 quando
280 3926 333 3966 eos
348 3907 633 3989 aliquandoiterum
675 3927 726 3986 7²·
746 3903 933 3971 Barbarus,
968 3902 1067 3972 Galli,
1102 3903 1168 3960 alii·

160 4004 291 4085 adspicere
340 4007 417 4067 mihi
464 4014 633 4093 continget,
675 4028 752 4091 que,
782 4009 836 4089 qui
858 4010 892 4066 in
912 4004 1085 4086 legionibus
1104 4004 1168 4062 Ro-

165 4121 244 4168 rarae
268 4114 304 4170 in
328 4112 397 4171 illis
426 4111 546 4190 austae
572 4114 633 4173 ali·
674 4129 837 4173 manorum
852 4121 1028 4168 tumerent.
1056 4107 1107 4183 73.
1116 4105 1170 4160 En

167 4224 226 4281 quot
245 4213 345 4274 oculis
368 4221 566 4280 occurrent?
600 4217 635 4278 sti
677 4217 811 4298 quipe„
831 4210 953 4296 quibus,
980 4212 1015 4269 in
1035 4225 1207 4321 quorum'
