2692 4914
493 202 509 233 4

308 325 609 402 ΒνοοιιοΑ
633 327 829 406 Εεων
1036 331 1088 431 95

45 511 221 588 beroibus,
243 526 279 571 et
296 510 384 570 orbis
397 525 562 573 terrarum
572 515 690 595 pacati
703 516 768 573 erit
780 529 938 593 regnator
954 517 1089 600 15-17‚

45 627 115 682 lam
130 639 218 681 vero
235 618 355 678 melior
368 619 430 678 illa
443 635 554 694 oetas,
575 621 682 680 aetati
702 641 827 679 aureae
847 643 888 680 ac
911 623 1089 688 Saturniae

40 728 167 805 fissilis,
187 747 257 810 per
269 723 397 803 gradus
400 726 570 803 succedet,
590 731 640 786 ita
658 742 696 787 ot
707 747 812 809 puero
835 742 915 788 nato
937 731 1088 807 exordia,

52 833 425 923 18-255‘incrementa
439 853 519 893 vero
530 827 599 910 'sita
618 833 776 893 habitura
786 832 847 910 stt,
873 834 1006 918 quando
1030 839 1089 898 illo

47 940 249 1014 adoleverit,
273 942 418 1007 26-36:
440 941 609 999 cumulata
631 954 741 999 autem
765 955 803 1000 ot
815 937 864 1018 sit
886 955 919 1000 et
935 945 1088 1023 perfecta

49 1048 89 1107 ab
107 1046 269 1108 omnibus
282 1046 455 1128 partibus,
483 1044 540 1104 obi
558 1046 615 1106 ille
634 1045 683 1105 ad
701 1049 832 1107 virilem
850 1063 995 1108 aetatem
1011 1071 1088 1132 per·

50 1158 200 1214 unerit:
227 1155 380 1233 37-45.
428 1154 569 1238 Reliqua
584 1154 670 1231 flunt
695 1155 875 1215 exultantis
900 1155 1032 1219 laetitia
1052 1173 1087 1222 et

51 1279 124 1324 vota
130 1262 305 1345 facientis
317 1282 359 1319 ac
370 1254 573 1338 gratulantis
582 1274 704 1341 poetae
713 1275 729 1320 :=
753 1264 796 1340 46
817 1257 865 1320 ad
874 1261 939 1343 fin.

35 1387 40 1400 ’·
127 1372 208 1430 Iam
228 1370 266 1426 in
280 1368 333 1426 lsis
340 1368 452 1447 facile
471 1368 646 1445 agnoscas,
666 1364 698 1442 fi
717 1366 814 1429 modo
831 1362 926 1428 nulla
943 1373 1086 1450 praeuia

56 1478 208 1557 opinione
220 1472 369 1533 imbutus
382 1472 569 1553 accefferis,
585 1477 695 1554 primo
706 1489 840 1554 poetam
849 1475 1088 1556 phantasmata

55 1583 92 1641 ab
101 1602 233 1642 attreae
248 1582 372 1639 aetats‘s
385 1580 634 1650 narrationibus
645 1579 789 1660 petiiffe,·
814 1595 884 1641 tum
896 1605 988 1654 oero,
1012 1607 1088 1647 eum

10 1666 12 1719 ξ
57 1690 108 1748 illa
126 1685 313 1767 cumulaffe
333 1689 369 1743 in
392 1700 482 1744 certo
504 1686 617 1768 aliquo
639 1688 698 1762 sui
719 1692 874 1768 temporis
891 1706 1011 1751 euentu
1032 1690 1089 1752 de·

10 1821 12 1866 ι
59 1792 233 1860 claranda,
263 1812 360 1877 quem
379 1792 495 1873 paullo
519 1792 686 1871 obscurius
707 1790 904 1870 dfftgnauit,
932 1801 1089 1880 qstoniam

10 1912 12 1949 ῐ
58 1902 302 1962 amiantum
319 1919 390 1958 rem
403 1902 558 1968 mutauit,
580 1898 731 1983 adeoque
746 1903 960 1962 vaticinantis
980 1905 1092 1965 verbis

23 2044 25 2051 ν
61 2024 86 2068 et
102 2006 405 2092 phantasmatibus
421 2000 524 2084 sensa
541 2007 611 2084 fita
638 2008 795 2088 exposuit.
846 2009 957 2068 Solent
977 2025 1091 2072 autem

58 2133 168 2196 poetae
184 2112 316 2192 cupide-
331 2129 365 2172 et
385 2113 557 2191 ambitiose
576 2117 738 2173 vaticinia
757 2132 952 2192 argumenta
972 2123 1092 2179 carmiae

62 2245 124 2282 uum
147 2225 291 2303 faeere,
319 2240 395 2278 oum
414 2219 500 2279 nilsil
519 2218 567 2279 ad
592 2220 842 2298 entlmssasmum
860 2227 1026 2304 poeticum
1043 2223 1092 2301 fit

62 2325 359 2390 accommodatius:
392 2325 483 2409 quod
497 2327 608 2386 multis
623 2330 779 2411 exemplis
794 2328 907 2389 doceri
923 2330 1045 2412 poffet,
1056 2330 1091 2407 fi

64 2435 194 2497 nuncid
212 2448 382 2513 ageretur.
434 2434 569 2494 Summa
583 2435 829 2512 fintentiarum
848 2437 931 2496 ltaec
949 2436 1011 2515 est,
1040 2441 1091 2498 in·

58 2545 271 2628 sequuturam
293 2541 355 2623 effe
377 2552 561 2620 temporum
572 2542 775 2622 felicitatem
795 2565 967 2623 magnam:
1002 2566 1090 2605 eam·

67 2673 114 2732 que
126 2653 268 2710 initium
283 2647 474 2706 babituram
489 2650 551 2729 effe
568 2669 591 2705 a
610 2650 777 2709 natalibus
796 2654 912 2732 pueri,
939 2651 1091 2712 Pollione

68 2759 119 2836 Cos
133 2759 220 2818 nati.
268 2755 412 2837 Quinam
426 2755 483 2813 ille
495 2776 580 2836 puer
590 2758 712 2836 fiterit,
731 2772 765 2814 et
779 2757 861 2839 qzticl
874 2773 1010 2839 poetam
1029 2757 1090 2816 ad·

69 2864 206 2932 luserit,
242 2876 281 2920 ot
305 2877 434 2920 tantam
459 2883 569 2920 rerum
598 2861 840 2937 conuerfionem
867 2847 1010 2921 conato
1040 2867 1090 2921 in·

65 2971 273 3053 sequisturam
293 2968 445 3048 polliceri
459 2969 580 3050 poffot,
614 2971 677 3029 ltoo
700 2968 760 3045 est,
798 2967 889 3050 qzsod
908 2972 1088 3051 qzsaeritur.

72 3079 186 3137 Scilicet
216 3079 308 3135 inter
337 3096 448 3133 omnes
471 3077 627 3158 populos,
659 3096 782 3153 magna
803 3078 951 3155 inprimis
976 3075 1091 3157 aliqua

72 3186 252 3244 calamitate
290 3182 468 3263 oppressos,
509 3187 672 3242 vaticinia
706 3183 912 3261 circumferri
941 3183 1087 3267 assolent,

73 3311 140 3369 quae
152 3290 233 3366 fiae
246 3292 408 3365 grauiora
422 3289 623 3365 minarisiue
644 3291 786 3348 laetiora
795 3290 909 3367 solent
926 3290 1089 3371 polliceri,

74 3417 178 3480 toque,
216 3394 399 3475 necqffaria
420 3418 530 3455 rerum
555 3394 788 3474 vicissitudine,
817 3397 1003 3455 melioribus
1027 3399 1089 3456 ali·

10 3552 13 3565 .
76 3504 190 3580 quondo
205 3501 463 3580 fiscoeclentibus
476 3505 686 3585 temporibus,
699 3505 779 3583 fere
786 3503 922 3585 semper
936 3517 1091 3562 euentum

10 3634 15 3670 τ
78 3610 188 3670 iubent.
242 3610 341 3670 Nullo
369 3625 480 3669 tomen
511 3626 656 3691 tempore
683 3614 915 3670 vaticiniorum
942 3610 1089 3686 insanius

10 3754 17 3763 -
78 3715 128 3789 luit
140 3716 305 3795 stitdium,
334 3739 432 3799 qssam
442 3718 510 3796 sub
531 3732 678 3777 extrema
701 3718 900 3800 reipublicae
918 3718 1093 3787 Romanae

10 3850 20 3882 ι
85 3833 228 3903 tempora,
258 3827 450 3907 primosque
478 3828 716 3905 Imperatores:
749 3847 822 3883 cum
854 3824 1013 3882 bellorum
1045 3826 1090 3884 oi-

10 3958 24 3991 .·
89 3930 178 3990 sitium
201 3932 409 3991 calamitates
437 3931 604 3990 bominum
625 3934 753 3992 animos
777 3931 956 3991 terroribus
985 3932 1090 3989 omnis

11 4065 27 4099 ς.
93 4040 189 4103 generis
210 4041 354 4118 agitatos
375 4037 423 4097 ad
445 4042 544 4097 varia
568 4055 814 4119 portentorum,
846 4037 1089 4120 prodigiorum,

11 4173 25 4206 ι
98 4151 116 4192 ‘l
128 4147 341 4208 vaticiniorum
358 4144 505 4207 ludibria
519 4146 757 4230 conuertsffent.
800 4147 963 4227 Imprimis
977 4157 1087 4200 autem
