2692 4914
263 293 607 368 GEORGIGON
636 294 736 366 LIB.
756 294 807 382 ΙΙ,
832 293 1040 368 118-123
1117 297 1190 396 437

160 476 386 580 velleraque
410 498 450 553 vt
474 477 571 553 foliis
594 479 794 581 depectant
817 486 943 556 tenuia
961 481 1094 562 Seres?

158 623 234 690 Aut
251 641 346 720 quos
367 616 522 689 Oceano
546 619 702 716 propior
723 619 819 715 gerit
850 616 957 688 India
978 617 1098 709 tucos,

156 754 322 825 Extremi
343 747 439 822 finus
463 748 580 826 orbisz
630 749 693 822 vbi
719 775 806 824 aera
834 755 985 826 vincera
1012 749 1192 830 summunt

214 949 258 984 ιιι
277 930 407 1000 depectat
420 929 463 983 alii
476 928 547 1001 apud
561 928 690 990 Seruium,
709 946 735 984 vt
747 931 825 982 Seres
837 949 887 1002 pro
900 932 950 984 Ser
961 930 1001 985 fit.
1041 929 1191 1003 depectunt

156 1014 223 1070 ulter
246 1015 369 1068 Rottend.
420 1015 581 1085 dqspoctaut
607 1015 670 1071 duo.
718 1030 745 1067 et
759 1014 851 1087 fultis
868 1015 930 1068 duo.
1004 1033 1050 1068 122
1069 1028 1205 1090 propriu-

154 1099 229 1154 voit.
245 1119 309 1153 am.
325 1100 390 1161 lec,
424 1101 491 1153 forte
512 1120 543 1154 ax
566 1119 613 1161 co,
652 1099 724 1170 quod
744 1099 829 1153 estin
850 1100 953 1154 duobut
973 1102 1081 1157 Muttini
1101 1121 1128 1158 et
1148 1107 1189 1159 cd.

154 1187 285 1238 Nuremb.
319 1194 459 1258 proprior.
479 1185 587 1241 sollenni
602 1184 681 1256 lapsu.
754 1187 801 1239 123
813 1187 997 1258 Extremique
1008 1188 1091 1264 smus
1105 1194 1190 1254 ortu,

156 1273 209 1325 ubi
224 1280 341 1323 vincere
348 1272 490 1342 summum
503 1271 618 1325 Parthas.
626 1309 635 1334 ,
654 1270 686 1324 ab
699 1270 910 1343 interpolatione.

157 1413 314 1495 Superior
335 1435 417 1495 pars
442 1412 586 1494 Aegypti
613 1415 650 1471 itt
690 1433 750 1474 nec
765 1415 894 1476 eandem
910 1414 996 1481 suillo
1010 1418 1095 1482 serici
1114 1446 1190 1487 con-

154 1514 322 1576 Ambiam
360 1536 499 1593 uergens
540 1519 650 1595 gignit
691 1513 813 1574 tetendi
831 1521 993 1580 rationem.
1036 1524 1116 1584 Vide
1133 1527 1188 1589 sal·

146 1618 330 1700 fruticem,
400 1639 495 1700 quem
544 1620 651 1700 aliqui
691 1631 755 1677 tem
783 1618 1001 1697 Manncrtum,
1052 1625 1190 1696 breuiter

107 1763 111 1768 -
154 1717 319 1802 gollypion
353 1730 493 1793 vocant,
536 1720 650 1802 plures
691 1719 787 1778 multa
827 1722 1038 1802 complexum,
1103 1732 1188 1793 Geo-

153 1822 267 1904 xylon,
305 1836 339 1880 ct
365 1821 440 1883 ideo
471 1822 542 1880 lina
569 1821 649 1881 iuda
691 1818 798 1902 graph.
829 1839 892 1882 ant.
919 1825 990 1885 Vol.
1019 1827 1073 1887 tv.
1110 1847 1186 1893 extr.

143 1923 250 2003 sacta
270 1925 381 2008 xylina.
425 1924 534 1986 Parata
554 1945 590 1985 ex
612 1944 650 1986 aa
691 1923 799 1999 (Extat
818 1945 944 2007 quoque
962 1929 1093 1987 Brotier
1109 1933 1188 2000 Dius.
1260 1935 1271 1947 '

154 2023 264 2108 byllus.
690 2029 723 2087 in
736 2027 912 2086 Memoires
934 2026 977 2089 de
997 2029 1131 2109 l'Acad,
1153 2035 1188 2098 d.

202 2149 271 2191 121.
295 2128 437 2210 Vulgaris
458 2129 532 2190 olim
552 2149 648 2211 vsque
689 2127 788 2205 laser.
818 2129 878 2187 Το.
893 2129 1021 2213 XLVI.)

152 2231 194 2293 ad
216 2230 295 2312 Imp.
319 2229 474 2293 Iustiniani
497 2247 647 2310 tempora,
738 2230 927 2293 tin-125.
962 2234 1042 2299 Plin.
1067 2238 1141 2313 vn,
1165 2264 1185 2303 a

152 2333 266 2416 quibus
306 2339 440 2414 primum
473 2332 647 2404 vermiculi,
689 2329 839 2390 Arbores
854 2328 988 2416 quidem
1008 2345 1063 2414 (in
1076 2342 1185 2425 India)

152 2456 235 2518 quot
267 2455 324 2496 nos
355 2435 525 2514 bombyces
559 2453 649 2494 voca·
690 2447 807 2496 tantae
818 2441 1031 2513 proceritatis
1048 2444 1184 2504 traduc.

151 2560 234 2612 mus,
258 2535 549 2618 Constantinopolin
566 2536 649 2598 adla·
691 2549 766 2604 tur,
802 2551 840 2595 ut
862 2539 1002 2617 sagittis
1027 2545 1188 2628 staperari

151 2646 177 2701 ti
199 2641 284 2712 sunt,
311 2645 418 2722 opinio
441 2640 515 2712 fuit,
548 2640 647 2710 Seres,
690 2655 865 2719 nequeant.
922 2643 1055 2707 Arbores
1083 2649 1185 2710 Cocus

151 2744 293 2806 Indicam
323 2759 465 2825 gentem,
511 2742 648 2800 Sericum
689 2741 823 2800 ferentes
882 2747 1074 2826 intelligebat
1126 2753 1185 2813 Ca·

151 2852 196 2907 ita
212 2865 331 2927 parare,
353 2862 385 2905 vt
404 2861 515 2905 textam
530 2864 548 2904 a
561 2843 649 2904 bom·
690 2858 803 2905 troeus.
838 2843 937 2905 Nimis
954 2846 1089 2931 anguste,
1114 2854 1186 2914 Plu,

151 2949 283 3033 bycibus
317 2949 496 3032 lanuginem
520 2967 556 3006 ex
584 2966 649 3005 cer·
690 2948 768 3004 rima
789 2942 938 3009 vastarum
960 2965 990 3009 et
1007 2955 1186 3016 immanium

112 3055 113 3058 ’
153 3067 256 3113 tarum
292 3050 436 3111 arborum
476 3049 556 3109 foliis
596 3047 649 3111 de·
692 3045 838 3107 arborum
879 3069 994 3130 genera
1028 3059 1062 3119 in
1096 3057 1185 3121 India

152 3169 325 3236 pecterent.
344 3154 421 3212 Plin.
438 3151 493 3223 VI,
514 3172 561 3229 17,
576 3149 595 3209 s.
608 3169 648 3209 πο
690 3148 787 3222 nasci,
822 3147 915 3210 fidem
936 3152 1053 3221 iaciunt
1079 3179 1187 3222 recen.

154 3259 250 3317 Seres
271 3256 392 3317 lanicio
407 3252 572 3328 stluarum
590 3273 649 3310 no·
691 3255 784 3312 tiores
799 3273 902 3312 rerum
920 3255 1095 3320 Indicarum
1114 3284 1187 3326 auc.

151 3358 236 3419 biles
266 3358 437 3438 perfusam
468 3377 558 3437 aqua
594 3352 650 3412 de·
692 3369 784 3414 tores.
847 3358 1000 3420 Extremi
1012 3360 1108 3436 smus
1137 3388 1187 3428 or,

149 3476 323 3547 pectentes
352 3457 530 3537 frondium
559 3459 650 3519 cani·
692 3455 759 3525 bis,
792 3461 937 3533 interior,
974 3464 1116 3550 adeoque
1138 3491 1187 3531 rc-

151 3566 243 3625 tiem.
272 3563 333 3622 vid.
351 3558 471 3620 Salmas.
495 3563 534 3622 ad
553 3561 649 3622 Soliu.
691 3562 806 3621 motior
824 3575 905 3622 terra
911 3605 923 3638 ,
961 3581 1114 3633 extremae
1135 3594 1187 3634 or·

103 3653 105 3659 '
151 3688 180 3724 c.
201 3668 243 3727 63
263 3680 294 3724 et
308 3666 347 3724 al.
391 3663 492 3725 Cerda
514 3662 553 3722 ad
575 3660 604 3720 h.
628 3662 647 3720 l.
691 3660 738 3725 bis
765 3667 876 3753 partist
910 3671 995 3732 cuius
1021 3693 1125 3734 veram
1153 3693 1186 3737 et

149 3765 267 3829 Nostro
285 3783 425 3847 tempore
448 3786 517 3824 cum
539 3765 577 3824 de
596 3765 650 3823 Se·
692 3765 867 3844 explicitam
924 3774 1067 3837 notitiam
1117 3796 1186 3842 non

149 3876 219 3934 rico
248 3885 314 3928 tum
342 3871 381 3929 de
408 3867 530 3928 Seribuc
553 3867 650 3926 multa
693 3863 828 3928 habuiffe
843 3885 972 3948 veteres,
988 3891 1018 3936 et
1033 3901 1092 3960 pro
1107 3898 1185 3943 tem.

148 3976 322 4047 accuratius
362 3971 517 4051 disputata
565 3968 650 4041 tunt,
693 3989 807 4047 porum
826 3969 957 4036 succelru
988 3978 1119 4043 diuersas
1153 4001 1186 4048 et

145 4096 246 4161 quam
265 4090 354 4152 ante3
384 4070 562 4155 constatque
583 4090 650 4132 non
694 4091 838 4133 emonem
858 4082 1004 4141 notiones
1026 4085 1090 4144 aliis
1111 4086 1184 4148 alias

143 4199 248 4240 vnum
271 4173 331 4240 effe
356 4179 505 4238 vermium
536 4195 648 4260 genus,
693 4171 870 4255 lucceffiffe,
901 4196 985 4246 nunc
1001 4191 1186 4257 internotas
