2692 4914
545 32 607 87 .ss

315 348 611 424 avcomct
634 351 754 423 oct.
773 315 1109 457 upa-mia
1136 300 1187 440 εἲ)
1238 316 1241 327 ’

147 557 187 602 a.
210 535 280 604 Hie
306 552 410 608 certe
427 560 553 635 neque
586 562 692 610 amor
713 532 833 610 cauffa
857 531 926 608 est:
970 539 1030 608 vix
1050 529 1185 607 offibue
1209 626 1221 643 ι,

771 659 940 732 haerent.

148 783 279 859 Nescio
304 794 406 887 quis,
448 809 598 866 teneros
623 791 755 866 oculus
776 790 868 864 mihi
887 788 1037 864 fascinat
1055 786 1181 888 agrios.

146 948 180 991 o.
200 924 297 1012 Dic,
348 923 483 1022 quibus
512 930 555 997 in
578 931 701 1017 terris,
749 944 787 1000 et
818 931 888 1000 eris
911 925 1003 1000 mihi
1029 946 1183 1023 magnus

768 1059 917 1160 Apollo,

149 1194 228 1264 Tris
245 1209 375 1291 pateat
390 1191 489 1266 coeli
508 1189 663 1291 spatium
683 1217 763 1264 non
784 1192 941 1294 amplius
961 1193 1075 1268 vlnas.
1114 1184 1182 1263 105

148 1351 183 1398 tt.
206 1328 303 1417 Dic,
337 1298 472 1430 lluibus
492 1331 532 1400 in
553 1329 657 1400 tetris
678 1325 838 1431 inscripti
856 1333 1009 1402 nomina
1029 1351 1159 1428 regum

148 1519 225 1572 modo
247 1519 310 1592 poll
326 1529 444 1592 pecori,
478 1521 561 1574 modo
582 1520 643 1595 post
662 1522 814 1594 magssro;
851 1523 939 1596 itaque
957 1524 1046 1576 Butm.
1067 1520 1179 1586 sustulit,

148 1627 162 1660 a
175 1609 260 1662 Goth.
279 1627 391 1684 vtroque
412 1609 492 1664 ebell.
563 1628 611 1664 toa
630 1611 741 1682 tregam
754 1610 854 1665 Heinlli
868 1629 893 1666 et
911 1614 964 1665 itm
978 1611 1105 1683 Stephani
1118 1631 1180 1665 con·

148 1700 239 1751 iectura
260 1697 315 1752 eli:
348 1703 388 1753 111
409 1717 484 1752 certe
505 1714 614 1771 (neque
637 1719 718 1752 amor
738 1701 833 1772 cauffo
848 1703 904 1772 est)
922 1710 977 1754 vix
995 1699 1096 1771 offihut
1113 1701 1181 1753 bae·

150 1805 220 1851 reru
262 1807 377 1861 ermque
403 1805 526 1859 recepere
554 1789 689 1860 Coningh.
718 1805 744 1843 et
771 1791 884 1843 Brunck.
935 1790 1060 1847 Gulietm.
1086 1789 1182 1843 eodem

146 1880 224 1931 nodo
238 1878 435 1951 dispungebtt,
461 1894 488 1931 vt
503 1894 592 1931 temen
613 1879 658 1932 hir
679 1876 780 1950 offibus
798 1880 927 1933 retineret.
962 1878 1060 1932 Moreti
1077 1896 1183 1951 quartat

148 1969 239 2021 omittit
258 1967 310 2039 est
384 1970 434 2023 103
454 1972 544 2022 ocula
557 1968 799 2022 MariutVictorin.
836 1969 886 2020 Pro
908 1987 1000 2040 agnos
1018 1966 1098 2021 hebet
1114 1969 1181 2022 Irae·

150 2057 197 2110 lor
211 2057 300 2112 Goth.
315 2077 356 2129 pr.
429 2059 477 2111 105
501 2059 589 2111 CoelI
608 2056 760 2130 scripserunt
777 2056 913 2120 nonnulli,
944 2073 970 2111 vt
983 2075 1088 2130 poetam
1104 2060 1182 2112 Men·

150 2164 255 2200 tomum
271 2147 388 2219 tetigerit
401 2148 490 2207 Mero,
513 2146 557 2220 qui
580 2144 657 2200 bonit
677 2146 799 2200 omnibus
815 2147 955 2201 consumtis
975 2163 1077 2201 tantum
1097 2147 1180 2202 modo

148 2237 214 2308 [parii
225 2236 277 2291 libi
291 2236 449 2300 seruauerat,
470 2236 544 2310 quod
551 2234 668 2312 sepulcro
680 2234 816 2294 sufficeret.
851 2239 928 2294 alna
939 2237 1007 2291 Ven.
1023 2253 1049 2292 et
1058 2236 1100 2291 ed.
1111 2238 1179 2293 Vm.

147 2328 216 2381 aller
235 2328 322 2381 Rom.
495 2335 499 2343 “

186 2501 256 2570 ¹⁰4·
282 2492 315 2554 5.
347 2491 534 2570 Simpliciter
553 2491 644 2553 intel·
684 2492 815 2553 Diuotio
836 2495 914 2552 ratio
921 2535 931 2566 ,
970 2507 1004 2552 vt
1030 2492 1070 2552 ad
1099 2494 1180 2554 Pan·

147 2591 230 2674 ligem
246 2592 415 2653 cuiuslibet
428 2594 490 2654 loci
502 2608 642 2674 puteum,
685 2593 750 2655 thei
786 2592 904 2654 tholum
933 2593 1100 2668 referatur,
1147 2610 1180 2657 et

149 2698 287 2778 inquem
320 2716 392 2754 cum
424 2701 492 2776 quit
519 2696 642 2756 descen·
685 2696 723 2756 ab
745 2693 870 2777 palloris
900 2699 1043 2776 ingenio,
1077 2711 1109 2754 et
1139 2696 1178 2758 ab

149 2795 226 2871 derit,
250 2813 377 2857 tantum
400 2798 477 2857 caeli
498 2798 643 2878 prospicit
684 2821 723 2859 eo
745 2814 897 2878 tempore,
929 2817 991 2877 quo
1011 2796 1100 2876 plura
1121 2795 1178 2855 hu·

148 2898 277 2979 lpatium,
300 2915 421 2960 tantum
437 2900 525 2973 caeli,
544 2921 642 2982 quart·
683 2904 728 2960 ius
766 2900 852 2959 modi
886 2897 1003 2956 formae
1041 2898 1177 2960 aedificia

151 3016 205 3062 tum
241 3018 359 3084 puteus
391 3017 494 3083 patet,
547 3001 577 3062 h.
612 3024 639 3064 e.
682 3003 801 3062 Ilomae
838 2998 1029 3070 visebantur,
1083 3000 1176 3078 plane
1231 3013 1249 3039 ,-

151 3111 226 3184 putei
273 3105 408 3165 latitudo
461 3104 638 3185 permiserit.
683 3105 783 3163 aliena
803 3100 854 3164 eit
897 3101 967 3162 Alio
989 3120 1090 3181 eoque
1112 3123 1177 3161 ma·

151 3205 301 3268 lttalibus
318 3208 529 3279 Grammatici,
547 3211 640 3289 (quo-
681 3211 727 3289 gis
748 3220 875 3287 arguto,
904 3225 964 3264 nec
985 3219 1087 3264 tamen
1111 3225 1176 3265 me·

151 3328 207 3368 mm
248 3309 388 3390 pericula
421 3313 456 3370 in
490 3309 638 3373 soluendo
681 3314 725 3392 gis
745 3329 837 3383 vero,
872 3305 937 3366 lusu
956 3302 1047 3387 poffit
1067 3307 1177 3391 aliquis

152 3418 318 3495 aenigmate
369 3410 454 3472 dabit
499 3412 638 3484 Seruius,
680 3409 741 3471 huc
777 3401 925 3470 arcellere
961 3425 1095 3492 cryptam
1135 3411 1175 3472 ad

153 3518 212 3573 turn⁴
234 3513 450 3597 Philargyrio,
492 3512 544 3572 vbi
570 3512 638 3572 sunt
680 3514 874 3597 Pausilypum
916 3514 950 3571 in
989 3513 1174 3593 Campania,

154 3618 251 3694 qtied
272 3637 328 3689 ea,
367 3637 463 3699 quoe,
497 3613 551 3676 etsi
571 3635 638 3677 non
680 3621 806 3699 eiusque
828 3612 992 3698 ingrellurn
1017 3630 1174 3679 veterem:

157 3717 230 3778 vade
271 3719 451 3800 ingeniosa,
498 3739 534 3779 ex
572 3717 637 3797 ipso
679 3719 765 3803 quod
806 3718 880 3779 lecit
918 3738 1044 3800 quoque
1084 3717 1178 3782 Paolt

158 3813 272 3901 Virgilio
289 3821 392 3881 audita
414 3821 545 3894 inerant,
565 3842 638 3902 pro·
678 3822 817 3904 Antiqq.
855 3820 983 3882 Puteal.
1022 3819 1077 3881 fol.
1124 3840 1172 3884 ιι.

161 3935 271 3994 toctnt,
319 3924 377 3983 elie
403 3925 636 4003 Burmannus,)
683 3927 752 3987 106.
785 3925 869 3986 Nota
897 3944 947 3985 res
979 3921 1018 3984 de
1049 3921 1175 4007 hyacin-

165 4036 264 4084 tmeem
295 4022 350 4086 fibi
378 4024 464 4088 fixam
493 4024 553 4091 elle
579 4049 637 4109 pu·
678 4024 750 4099 tho,
787 4026 827 4087 de
857 4047 921 4110 quo
950 4025 1014 4106 sup.
1044 4025 1084 4085 ed
1106 4023 1173 4088 tet.

169 4131 301 4186 aionon
335 4126 500 4193 debebant.
562 4131 637 4190 Pro·
677 4122 1174 4207 11‚18,tncutustottispaffim

172 4221 244 4296 ilfi&
286 4249 388 4312 nuper
434 4231 474 4293 ab
514 4231 635 4296 Abbate
676 4234 792 4296 litteras
810 4253 842 4295 tt
858 4233 1025 4312 inscriptas,
1058 4225 1121 4291 flue
1139 4243 1174 4292 vt
