2692 4914
164 280 167 284 ’
247 300 1051 406 wouonoicouamantea-aaa
1129 321 1204 412 749

159 487 330 567 Vmbrae
380 489 487 564 ibant
537 508 670 566 tenues
709 487 978 593 [imulacraque
1021 491 1107 569 luce
1143 523 1205 573 ca.

787 641 953 696 rentumz

158 760 292 854 Quam
311 756 429 831 multa
458 755 510 830 in'‘
525 756 623 831 foliis
643 758 771 828 auium
801 753 836 831 se
856 757 972 831 millia
993 761 1174 858 condunt,

104 948 113 975 -,
157 889 302 992 Vesper
319 890 383 966 vbi
406 910 471 965 aut
491 891 670 966 hibernus
686 893 761 989 agit
782 888 831 966 de
848 893 1038 969 montibus
1061 897 1200 975 imbert

104 1070 119 1118 ;
158 1027 312 1117 Matres,
336 1044 451 1126 atque
464 1029 549 1116 viri,
572 1024 825 1125 defunctaque
846 1052 1005 1129 corpora
1024 1035 1099 1103 vita
1123 1035 1198 1133 475

880 1134 890 1163 t

104 1210 122 1259 ²:
157 1161 443 1259 Magnanimum
459 1160 629 1248 heroum,
643 1162 761 1257 pueri,
769 1163 1024 1260 innuptaeque
1037 1166 1197 1263 puellae,

157 1292 390 1395 Inpofitique
413 1298 512 1393 rogis
538 1297 694 1366 iuuenes
709 1259 810 1366 'ante
837 1317 904 1365 ora
929 1317 1144 1393 parentum;

158 1406 273 1525 Quos,
294 1433 436 1504 circum
464 1428 575 1528 limus
603 1432 710 1527 niger
736 1445 774 1500 et
798 1425 976 1502 deformis
1000 1433 1145 1508 arundo

157 1565 297 1657 Cocyti
319 1562 503 1662 tardaque
527 1561 635 1661 palus
662 1559 869 1635 inamabilis
892 1562 990 1635 vnda

224 1786 277 1849 472
303 1778 426 1832 Vmbrae
434 1776 520 1848 stant
541 1775 648 1848 Regius.
714 1776 766 1844 475
785 1779 816 1827 in
825 1776 916 1846 follit
935 1794 1027 1831 omnes
1045 1778 1157 1836 Pien'mi
1169 1796 1213 1840 at.

154 1861 246 1917 maior
260 1881 318 1936 para
332 1862 433 1917 Heinfii
451 1862 580 1924 babebat;
600 1863 689 1934 itaque
703 1860 747 1913 hic
758 1863 865 1932 recepit.
905 1862 1029 1934 Agnoscit
1048 1864 1112 1919 item
1131 1870 1197 1922 Aru·

153 1947 245 2002 stanna
265 1948 390 2010 Meffiua,
423 1968 487 2002 tuus
508 1946 633 2002 arundel.
655 1965 719 1998 vnus
738 1945 828 1998 Mead.
850 1946 933 1999 Goth.
956 1957 1011 2018 pn,
1044 1949 1105 2003 edd.
1127 1971 1197 2006 non.

152 2033 262 2096 nullae,
280 2037 441 2106 magunt,
474 2050 501 2088 et
515 2032 633 2086 defendit
645 2031 704 2086 satis
723 2031 790 2084 ratio
810 2031 906 2084 critica.
951 2031 1078 2101 insiluit
1094 2037 1195 2093 Medic.

151 2117 268 2174 Mental.
285 2137 323 2186 pr.
338 2121 435 2174 Moret.
455 2139 493 2192 pr.
507 2138 569 2172 cum
589 2116 646 2170 aliis
664 2115 731 2187 vulg.
750 2130 863 2170 tuentur.
931 2125 985 2185 474
1003 2120 1052 2171 vbi
1065 2129 1124 2174 inm
1136 2124 1194 2177 hab.

153 2219 243 2276 quart.
258 2205 357 2258 Moret.
373 2224 388 2258 a
404 2225 439 2259 m.
452 2226 492 2280 pr.
507 2201 634 2257 Rottand.
651 2220 690 2274 pr.
730 2201 782 2253 vbt’
803 2210 861 2254 tam
872 2228 906 2242 -
919 2205 1020 2255 imbrus
1033 2205 1116 2260 Goth.
1133 2208 1194 2271 lec„

152 2288 189 2342 ab
210 2288 399 2361 interpolatore
414 2310 469 2343 non
489 2288 607 2342 indocto.
676 2287 728 2354 476
747 2302 910 2357 nuptaeque
928 2287 1036 2342 Vratial.
1098 2296 1195 2363 47811.
1260 2358 1262 2362 v

151 2393 231 2427 mum
251 2375 331 2428 Rom.
414 2386 467 2444 479
487 2375 624 2427 lraenabilt's
648 2370 731 2424 vada
753 2372 876 2425 nonnulli
904 2372 981 2426 codd.
1005 2391 1046 2446 ap.
1068 2376 1193 2443 Pieriam,

150 2461 221 2516 itam
232 2461 301 2514 Van.
316 2476 343 2515 et
356 2459 474 2514 Parthas.
489 2459 579 2513 Mead.
595 2474 622 2511 et
632 2459 698 2528 aeg.
711 2472 738 2509 et
750 2472 811 2511 vett.
826 2456 902 2520 edd„
931 2456 1019 2530 licque
1032 2461 1148 2534 Naugar.
1166 2466 1196 2519 in

211 2636 408 2717 4720—480.
441 2630 654 2693 Ornatlffimus
697 2626 808 2688 Versus
850 2626 883 2687 lii
932 2628 1106 2691 adumbrati
1157 2655 1195 2694 ex

149 2737 242 2799 locus
285 2760 344 2819 per
386 2740 654 2799 enumerationem
698 2727 803 2815 Odyff.
825 2731 857 2802 λ,
878 2732 1029 2808 57-45.

151 2862 227 2901 cum
255 2841 372 2901 iudicio
403 2841 525 2900 iactam.
588 2838 655 2901 *110-
689 2859 693 2865 ·
757 2831 950 2910 478-480.
979 2830 1069 2910 Quos
1093 2833 1195 2918 Coey-

149 2943 230 3025 χαὶ,
259 2943 369 3007 εἴδωλα
392 2935 548 3020 καμόντων
566 2939 651 3000 Iliad.
696 2947 745 2992 tus
766 2948 798 2992 et
817 2933 892 3014 Styx
913 2952 931 2991 a
951 2931 1053 2991 reditu
1086 2934 1194 3014 prohi-

142 3046 194 3128 ψ,
220 3065 261 3125 72
309 3044 403 3123 (vnde
438 3047 501 3103 iam
531 3045 651 3104 Lucret.
695 3033 790 3104 ΜΗ
820 3032 919 3116 Equi
941 3038 975 3094 in
996 3034 1101 3095 inferis
1125 3057 1194 3097 ver·

149 3149 209 3221 lv,
232 3151 273 3228 39
305 3146 554 3226 fimnlacraqua
580 3145 653 3203 Ince
693 3135 804 3198 santur.
846 3136 912 3195 lam
939 3150 1084 3196 ornatum
1111 3139 1192 3204 vide.

150 3250 352 3332 carentum)
402 3249 442 3308 ad
487 3261 652 3307 canentem
693 3241 755 3299 Pro
771 3239 901 3320 Cocyw,
923 3236 1031 3298 limoso
1048 3254 1080 3299 et
1102 3260 1193 3302 arun·

149 3351 343 3416 confluxere.
401 3357 474 3428 474.
504 3348 561 3407 vbi
583 3347 652 3424 vest
694 3341 802 3401 dinoso
823 3338 939 3413 fluuio,
977 3341 1074 3400 limus
1095 3344 1192 3421 niger

145 3476 214 3537 per
231 3469 293 3513 aut
309 3452 482 3523 hibernus„
497 3450 652 3532 procello-
694 3459 727 3502 ac
743 3442 903 3521 deformis
922 3440 1073 3522 arundo,
1093 3450 1189 3519 cuius,

147 3558 200 3622 lus
232 3558 283 3635 (vt
306 3549 424 3637 χειμών
448 3568 480 3614 et
506 3551 651 3632 hiems),
692 3543 797 3605 filate
819 3548 924 3605 omnia
943 3542 1079 3618 oblidet,
1110 3549 1192 3606 iniu-

146 3660 260 3723 imber
280 3680 332 3719 eas
352 3659 425 3735 agit
445 3676 463 3714 a
486 3652 652 3713 montibus
693 3648 811 3709 enudus
846 3646 883 3706 a'c
916 3643 1004 3706 tn‘ssia
1032 3645 1191 3727 adspectus

148 3767 193 3844 (v.
211 3762 275 3842 sup.
298 3762 338 3821 ad
359 3762 418 3821 Ge.
435 3759 460 3832 1,
481 3760 553 3835 574.
575 3758 650 3836 375)
693 3749 754 3822 est3
781 3750 923 3831 adeoque
940 3747 1041 3829 palus
1061 3750 1192 3806 inama-

147 3867 193 3929 ad
220 3863 307 3925 liluas
338 3878 370 3923 et
392 3861 538 3922 arborum
560 3872 650 3919 tecta.
693 3850 778 3921 bilis,
803 3848 965 3935 ἀνέραστος
987 3870 1047 3930 pro
1067 3840 1191 3932 μισητῆ,

146 3967 235 4031 conf.
257 3966 336 4026 Aen.
360 3964 421 4038 v1,
444 3964 650 4045 309-512.
692 3954 805 4028 inuisa,
834 3950 1033 4024 detestabilis,
1069 3962 1102 4010 et
1122 3961 1192 4008 tar·

147 4065 259 4153 odyff.
277 4070 346 4141 no
366 4065 431 4150 sqq.
487 4066 560 4145 475,
581 4083 653 4121 cor·
694 4057 740 4118 da
766 4048 868 4115 anda.
923 4055 1022 4113 Porro
1054 4047 1192 4117 circum,

143 4191 237 4259 pora
255 4170 391 4230 heroum
413 4167 509 4249 simpl.
531 4165 651 4226 heroet.
695 4160 734 4222 ab
748 4160 835 4220 omni
850 4169 957 4238 parte,
988 4150 1127 4230 alligat,
1157 4166 1191 4212 et

192 4267 328 4337 Tonl
747 4261 850 4323 err
