2700 4906
2 342 4 349 ·
117 292 216 420 dm
348 309 965 417 nvmormrntrroms
1031 264 1049 357 s

104 594 127 639 ι
142 520 252 596 Flore
270 513 362 614 piri,
403 509 654 610 glandemque
677 506 755 582 sues
780 504 926 604 fregere
953 501 1020 579 sub
1040 503 1161 578 ulmis.

208 655 290 727 Nec
316 643 453 721 modus
483 643 642 719 inserere
679 662 794 745 atque
828 639 961 715 oculos
1001 645 1185 741 inponere

307 764 311 773 Α
768 773 933 874 fimplex.

145 923 260 1008 Nam,
294 939 369 1015 qua
394 911 430 985 se
449 909 577 985 medio
599 910 756 983 trudunt
769 909 817 983 de
840 913 983 984 cortice
1005 928 1185 1006 gemmae,

23 1140 30 1153 ¹
145 1059 195 1131 Et
216 1054 336 1125 tenuis
359 1062 537 1144 rumpunt
557 1050 718 1135 tunicas,
754 1041 987 1143 a'ngustusin
1008 1040 1089 1140 ipso
1142 1036 1186 1136 75

151 1191 208 1264 Fit
249 1181 353 1275 nodo
391 1175 506 1252 finusr
563 1177 640 1255 huc
677 1179 799 1253 aliena
842 1204 890 1252 ex
930 1177 1075 1250 arbore
1114 1198 1188 1275 ger·

771 1337 861 1386 men

151 1494 258 1566 hocque
275 1488 310 1542 nd
341 1487 521 1542 antecedentia
542 1502 682 1542 retractum
711 1488 760 1544 effe
785 1490 895 1544 ridetur.
949 1488 1004 1542 Vix
1028 1486 1082 1540 dici
1102 1481 1190 1559 potest»

153 1594 220 1655 quot
239 1588 376 1650 poettrunr
397 1573 456 1627 loru
478 1589 600 1646 corrupta
620 1574 669 1629 srnt
689 1577 722 1628 nb
743 1578 788 1637 iis,
823 1577 942 1647 quinon
963 1575 1107 1633 ridebant,
1139 1587 1190 1623 cee-

148 1660 214 1727 {nra
231 1679 265 1715 tte
286 1677 352 1715 tono
375 1678 482 1712 omnem
504 1659 626 1730 syllabam
646 1660 756 1732 produci
775 1660 856 1735 polio.
893 1658 1038 1713 Castaneas
1053 1673 1144 1710 autent
1157 1655 1191 1708 'nr-

148 1748 200 1806 Teri
221 1747 277 1801 aliia
301 1745 387 1800 solitae
409 1745 524 1798 ePlioio
546 1744 641 1797 docere
658 1744 759 1818 poffum
781 1748 866 1806 xvu,
889 1764 927 1805 ro,
947 1763 977 1798 to
1021 1746 1130 1797 Omnia
1147 1758 1191 1792 aa·

155 1835 301 1892 tambaco
328 1829 380 1899 (do
403 1830 502 1884 satione
524 1839 624 1901 egerat)
667 1832 753 1884 tardn
772 1845 913 1904 prouentu
933 1849 969 1882 oc
987 1830 1192 1902 degenerantia

155 1937 182 1976 et
202 1918 284 1989 infito
302 1914 489 1987 restituenda.
524 1917 672 1968 Interdum
692 1926 777 1970 ettam
798 1917 964 1988 castaneae,
983 1914 1017 1968 sc.
1036 1932 1062 1968 vt
1078 1933 1125 1967 ene
1138 1929 1191 1984 pro·

151 2007 258 2058 vediunt
272 2002 373 2062 iratius,
392 2000 543 2053 inserendae
558 2001 630 2054 sunt:
655 2018 680 2055 vt
697 2003 724 2055 h.
739 2003 757 2054 Ι.
774 2002 850 2075 fago,
876 2001 903 2054 h.
918 2001 1028 2073 quercui
1041 1997 1190 2054 esculenta.

151 2090 276 2148 Reitkiur
290 2084 368 2158 ficus
386 2089 424 2158 τᾷ
432 2086 528 2156 fagur
547 2084 723 2141 substituebat.
765 2089 832 2142 Mox
850 2087 1004 2140 incanduit
1025 2087 1126 2140 Moror.
1146 2083 1190 2136 fec·

152 2190 181 2230 et
203 2192 268 2226 unt.
286 2172 334 2224 sec.
352 2170 405 2223 Erf.
443 2190 496 2241 que
513 2168 690 2225 abestaVen.
761 2192 794 2244 7²
810 2173 987 2245 glandesque
1004 2170 1080 2225 Gud.
1094 2185 1120 2224 et
1135 2185 1192 2240 qut·

153 2274 217 2315 tuor
236 2257 296 2317 alii,
324 2256 418 2308 etduo
435 2256 553 2308 Martini.
589 2256 656 2308 Pliu.
672 2258 731 2319 XV,
746 2257 816 2319 15,s.
835 2276 864 2326 17
903 2259 1032 2328 cerasum
1053 2275 1103 2327 pro
1125 2255 1190 2326 giru-

155 2343 232 2397 dibns
253 2338 359 2400 laudat,
381 2343 524 2393 memoriae
545 2340 604 2412 laps
620 2382 626 2394 .
668 2343 720 2395 Edi
736 2343 834 2396 Pallad.
856 2342 890 2395 de
909 2343 980 2397 lnsrt.
1002 2344 1050 2409 143
1083 2339 1190 2395 cerasum

151 2428 287 2486 inhuro,
307 2423 425 2496 populo,
454 2443 480 2480 et
496 2427 619 2497 platano,
647 2428 721 2480 inseri
741 2432 784 2481 ait.
831 2430 901 2499 sues
922 2429 1130 2501 legareMoret.
1148 2445 1189 2496 pr..

155 2513 234 2567 male.
253 2504 410 2564 vidlssurm.
480 2523 513 2582 74
532 2513 625 2567 medie
639 2514 692 2568 Est.
734 2515 851 2567 trudunt
870 2516 965 2568 rnedt'o
989 2513 1097 2566 zulich.
1135 2529 1191 2567 ver·

157 2605 213 2652 tice
227 2597 323 2650 Moret.
338 2595 387 2649 sec.
492 2597 493 2600 ’

155 2770 264 2833 feritur
286 2773 320 2829 in
340 2770 431 2852 fugo,
468 2772 550 2831 conf.
576 2773 655 2831 Plin.
697 2771 809 2832 borum
824 2773 939 2832 cultura
963 2773 1133 2843 tradidere,
1151 2774 1191 2829 in·

154 2875 264 2946 XVII,
291 2893 339 2945 ro,
364 2894 420 2942 ro,
462 2889 494 2933 et
516 2878 600 2954 pirus
623 2880 655 2933 in
698 2881 803 2954 primis
834 2877 873 2933 du
897 2876 1009 2934 Humel
1039 2874 1191 2956 Pltyfiqrre

156 2998 255 3038 orno:
296 2975 447 3036 consentit
472 2977 586 3035 Pallud.
617 2977 655 3035 de
699 2977 757 3036 des
776 2977 904 3035 Arbres
927 2979 959 3034 P.
979 2977 1028 3050 11,
1062 2979 1127 3040 er,
1146 2976 1190 3042 IV,

155 3076 301 3140 Infitione
318 3082 376 3142 60:
397 3080 656 3137 Piros—Fraxi·
700 3079 878 3161 cep.4sqq.
922 3078 972 3137 Est
988 3077 1192 3162 quoquePul·

1 3193 2 3200 ’
156 3201 302 3261 neasqrre
319 3181 385 3257 stro
405 3180 518 3255 flectit
531 3182 656 3238 lronore
698 3181 772 3240 lodii
787 3202 909 3240 carmen
926 3180 969 3238 de
990 3182 1145 3255 insitione
1164 3185 1192 3238 in

155 3302 282 3341 manns.
331 3286 438 3338 Omns
463 3287 544 3340 enim
566 3284 656 3341 frexi·
696 3283 776 3342 libro
801 3284 892 3354 XIV,
936 3285 1024 3364 quod
1048 3284 1191 3368 figuratim

156 3387 191 3443 ni
209 3378 348 3442 siluestris
375 3402 482 3463 genus.
518 3404 547 3446 v.
572 3385 655 3442 Mar·
696 3384 846 3445 recensuit
859 3386 1048 3445 Wernsdori
1063 3393 1096 3447 in
1111 3391 1190 3448 Poet.

155 3487 212 3545 tin.
230 3481 260 3541 h.
277 3483 298 3542 l.
325 3562 329 3569 ⁵
696 3494 770 3547 min.
794 3489 865 3549 Vol.
886 3486 939 3545 Vl.
984 3488 1031 3546 Ex
1054 3488 1102 3550 his
1122 3488 1192 3550 inse·

210 3588 346 3664 75-77.
375 3585 481 3646 Plures
502 3586 653 3648 inserendi
695 3591 785 3650 rendi
803 3592 921 3661 modis,
957 3596 1011 3671 qui
1035 3591 1104 3652 sunt
1127 3592 1190 3651 varii

154 3688 266 3748 modos
282 3689 341 3751 rid.
356 3709 406 3770 ap.
421 3689 541 3749 Colum.
554 3691 592 3758 V,
607 3714 654 3764 11,
699 3697 777 3775 (nec
797 3693 913 3752 modus
924 3690 1071 3774 simplex
1087 3692 1144 3767 est,
1164 3692 1190 3752 b.

127 3776 196 3850 ⁸de·
217 3790 327 3852 Arbor.
352 3797 402 3856 26.
442 3793 521 3852 Plin.
547 3793 653 3866 xvtl,
696 3794 764 3855 sunt
788 3801 913 3854 voriivt
935 3794 1000 3866 111,
1025 3800 1091 3874 482
1137 3815 1191 3855 nec

159 3901 218 3970 14,
247 3893 267 3952 s.
294 3917 332 3955 22
356 3894 419 3978 sqq.
454 3899 508 3976 qui
530 3896 652 3973 copiose
695 3902 752 3957 via
782 3902 897 3957 mortis
928 3913 1004 3957 erat
1028 3898 1187 3979 frmplex)

151 3995 192 4057 de
214 4002 249 4058 iis
274 4005 352 4081 agit,
389 4013 420 4056 et
448 3994 649 4075 Theophrost.
693 4021 759 4061 non
796 4001 851 4061 nifi
893 4002 971 4061 duos
1014 4000 1189 4085 indgniorer

148 4098 188 4160 de
212 4100 430 4162 Cauiiplam.
453 4099 520 4168 l,6
550 4114 581 4157 et
601 4121 650 4160 re·
693 4120 914 4165 commemorat
936 4119 1050 4183 poete,
1080 4109 1188 4163 inocu

147 4208 316 4276 «entiores,
338 4207 527 4288 quicumque
543 4202 587 4278 de
599 4223 648 4262 nr·
689 4205 849 4265 lationem
867 4220 900 4266 et
913 4204 1106 4280 irrsttionem
1120 4226 1187 4287 pro·
