2700 4906
330 301 412 377 DE
437 300 705 376 ‘CARMINE
743 301 1041 384 Bvcomco
1186 304 1234 389 δῖ

164 491 363 564 Diomum
384 489 584 588 aliquem,
621 488 697 561 ulii
718 491 995 588 Daphnidem,
1032 496 1108 570 alii
1126 498 1207 570 Ste-

154 619 382 715 ficltorum,
432 617 510 689 ulii
544 618 797 690 Theocritum
831 619 1007 713 fuciunt.
1023 624 1054 716 *)
1124 625 1203 698 Sed

156 750 336 841 fluctuat
363 763 454 817 tota
488 745 591 817 haec
623 747 841 845 disputatio
871 765 910 818 et
942 752 1094 821 incerta
1114 749 1201 846 ser-

164 893 248 954 tur,
300 876 415 974 quod
450 899 533 948 riou
575 874 907 946 animaduertuut
955 877 1065 948 docti
1102 880 1196 956 viri,

164 1001 264 1074 aliud
293 998 368 1099 effe
401 1027 563 1074 carmen
585 999 860 1103 pastoricium,
905 1029 982 1102 quo
1007 1002 1210 1076 homines,-

163 1135 229 1228 qui
250 1154 393 1230 greges
421 1128 651 1229 pascerent,
692 1146 738 1200 ut
767 1126 906 1225 uostris
940 1122 1194 1229 temporibus,

164 1263 218 1329 ito
233 1260 376 1356 primis
391 1254 539 1353 statim
556 1256 892 1328 vitaehumanae
913 1261 1056 1337 initiis,
1106 1253 1192 1326 lou·

161 1414 252 1488 gum
274 1389 385 1458 diem
399 1385 645 1482 fefellerint,
678 1383 797 1475 aliud,
832 1412 910 1486 quo
933 1386 1108 1457 homiues
1130 1386 1190 1453 iu·

161 1511 302 1616 geniosi
332 1516 446 1584 vitae
475 1509 645 1608 rusticae
672 1510 779 1583 bona
807 1539 858 1584 uc
889 1513 1052 1585 delicias
1078 1526 1190 1582 certo
1260 1544 1263 1547 ’

162 1647 313 1714 ratione
356 1656 397 1711 et
433 1657 524 1711 urte
566 1636 856 1712 adumbrarint.
930 1643 1046 1714 Prius
1079 1636 1185 1708 illud

162 1769 266 1841 lroud
305 1765 429 1840 dubie
461 1771 565 1839 inter
600 1752 885 1866 untiquiffimos
918 1768 1094 1838 homiues
1122 1764 1184 1835 vi·

159 1903 256 1997 guit,
309 1912 532 1994 autequam
562 1899 605 1966 iu
636 1919 804 1994 magnos
843 1911 975 1965 coetus
1014 1911 1054 1966 et
1087 1894 1184 1962 ciui·

159 2045 249 2097 tetes
281 2028 436 2096 coirent
441 2051 457 2108 ;
500 2023 686 2122 idemque
718 2026 822 2094 iuter
855 2047 988 2093 omues
1013 2017 1183 2121 populos

158 2152 337 2248 isaacum
357 2147 432 2249 effe
462 2147 597 2228 debet,
640 2153 710 2250 qui
733 2146 822 2244 siue
841 2153 978 2249 vagis,
1028 2150 1181 2223 Noma-

157 2284 245 2352 dum
268 2305 403 2357 more,
441 2274 533 2372 siue
562 2282 675 2349 certis
705 2275 869 2375 sedibus
895 2293 1047 2350 utentes
1070 2275 1178 2348 dunt

155 2405 327 2510 gregibus
349 2404 510 2477 alendis
533 2429 720 2503 operum:

224 2563 264 2623 Et
283 2556 414 2641 zephyri
438 2576 514 2617 caua
533 2577 591 2637 per
613 2559 799 2618 calamorum
821 2555 905 2617 sibila
927 2559 1062 2638 primum

224 2658 367 2744 Agrestes
389 2659 525 2719 demere
544 2680 632 2720 cauas
653 2658 762 2720 inflare
784 2665 913 2738 cicutas3

222 2765 301 2825 Inde
322 2765 500 2823 minutatim
521 2761 625 2822 dulces
655 2763 788 2822 didicere
816 2762 965 2846 querelem,

223 2867 315 2927 Tibia
337 2885 415 2948 quas
436 2863 538 2923 fundit
558 2864 657 2946 digitis
679 2865 795 2945 pulsata
814 2878 989 2934 canentum,

221 2971 301 3030 Auia
321 2988 381 3048 per
403 2987 532 3025 nemora
556 2987 591 3025 ac
612 2963 699 3025 siluas
730 2967 880 3047 saltusque
901 2977 1033 3042 reperta,

221 3071 283 3131 Per
302 3069 372 3129 loca
392 3064 547 3149 pastorum
567 3067 682 3129 deserta
707 3084 800 3150 atque
821 3071 884 3126 otia
906 3063 1024 3142 dia.⁴‘'‘)
1104 3148 1106 3155 Α

151 3204 497 3306 Quemadmodum
517 3209 653 3304 itaque
667 3205 779 3303 opud
791 3198 994 3275 Hebraeos
1014 3172 1167 3268 etAru-

148 3329 203 3404 bes
226 3337 412 3404 carmina
432 3332 553 3426 fuere
571 3328 786 3432 pastoritia
806 3332 1019 3402 edmerum
1039 3314 1182 3391 vitum*

147 3445 327 3558 expraeffii,
344 3477 382 3531 et
394 3486 534 3562 regum
543 3463 845 3560 principumque
849 3456 948 3557 filii,
964 3476 1053 3525 cum
1065 3452 1169 3522 iuter

147 3587 251 3684 ipsos,
282 3606 369 3658 tum
388 3592 493 3659 iuter
511 3590 718 3664 Troianos,
740 3586 912 3685 Phryges
933 3598 970 3654 et
983 3576 1165 3660 Hellenos

148 3733 424 3795 memorantur,
450 3720 520 3816 qui
537 3738 675 3816 greges
693 3729 734 3810 et¹
746 3728 929 3783 armento
944 3724 1164 3808 pauerunt:

150 3842 200 3910 ito
216 3858 382 3940 potuere
393 3842 556 3918 Arcades
571 3861 609 3915 et
623 3840 756 3932 Siculi,
780 3843 868 3938 qui,
897 3840 958 3907 oti
972 3833 1165 3937 bonispu·
1259 3873 1266 3888 ¹

145 3963 238 4060 souis
267 3967 552 4053 abundabunt,
609 3975 670 4044 ita
693 3973 822 4042 vitum
847 3991 1015 4065 gregum
1046 3991 1166 4039 curae

180 4147 200 4210 ⁶)
218 4151 358 4212 Athenaeus
370 4157 447 4212 XIV.
462 4175 521 4231 pag.
536 4158 597 4233 619.
618 4155 731 4212 Diodor.
746 4151 792 4213 IV.
806 4169 828 4202 c.
838 4151 880 4216 84.
906 4147 1028 4205 Aelianus
1035 4149 1113 4206 V·H.
1128 4149 1164 4213 Χ,

161 4233 195 4295 ιδ,
213 4237 253 4292 vbi
266 4240 314 4295 vid.
327 4244 397 4304 Not.
615 4245 653 4311 ”J
669 4246 772 4301 Lucset·
796 4237 830 4301 V,
846 4236 971 4319 tiitsqq.
1028 4234 1032 4244 “
1066 4284 1069 4290 ,
