2692 4914
326 329 627 408 BVCOLICA
653 331 771 423 ECL.
791 331 837 422 X,
853 332 1019 433 67-76
1127 361 1204 435 227

159 514 291 611 Gallo,
331 520 439 592 cuius
466 543 575 593 amor
603 536 750 592 tantum
780 517 874 592 mihi
901 518 1030 597 crescit
1060 526 1102 597 in
1128 521 1198 599 ho·
1310 577 1312 582 -

780 677 850 744 ras,
888 637 891 642 ¹
1293 629 1295 634 Ι

158 787 352 881 Quantum
371 808 460 860 vere
480 809 585 860 nouo
611 784 738 861 viridis
763 783 799 861 se
827 785 973 879 subiicit
1002 789 1120 864 ahrus.

155 922 374 1020 Surgamuez
432 917 525 996 solet
563 917 635 995 effe
675 924 798 1022 grauis
840 924 1076 1000 cantantibus
1116 946 1194 997 vm·

775 1054 861 1144 bra3
1144 1054 1194 1154 75

153 1188 318 1288 luniperi
337 1188 462 1286 grauia
484 1185 632 1282 vmbra;
671 1209 814 1266 nocent
849 1209 888 1266 et
919 1170 1089 1292 frugibns
1113 1215 1192 1265 vm·

775 1325 877 1401 brae.

192 1537 225 1607 73
237 1535 312 1590 milri
324 1549 435 1588 tantum
447 1535 564 1590 Parthas.
579 1551 606 1592 et
617 1536 745 1591 Rottend.
797 1547 832 1610 74
843 1539 956 1609 subicit
962 1537 1061 1595 Medic.
1069 1533 1188 1591 Parthas.

143 1623 267 1698 subrigit
277 1626 350 1679 coni.
361 1625 446 1679 Vales.
462 1627 489 1678 in
502 1625 646 1681 Valesianis
659 1647 687 1700 p.
704 1630 760 1682 182.
837 1631 949 1700 75-77
968 1632 1027 1684 Hos
1040 1645 1091 1682 trea
1103 1622 1189 1678 verina

150 1715 313 1778 nouiffimos,
331 1731 469 1788 tamquam
482 1715 609 1771 sententia
620 1736 714 1789 perum
727 1733 803 1790 aptot
819 1734 845 1772 et
857 1719 1029 1779 coniunctos,
1049 1713 1189 1787 reprehen-

150 1805 226 1860 debat
247 1807 297 1859 111.
318 1808 411 1858 Home
444 1807 544 1869 (Lord
563 1810 664 1862 Katmr
685 1806 774 1880 Effay
802 1807 843 1882 of
864 1808 1006 1880 Cratcrsm
1023 1823 1072 1859 c.r
1096 1818 1159 1865 extr.
1168 1807 1188 1865 ).

148 1895 271 1950 Poterant
288 1895 379 1967 vtique
399 1894 498 1959 ebeffe3
528 1916 578 1952 nec
598 1913 687 1952 tamen
706 1898 816 1952 dedecet
833 1916 954 1960 carmen,
975 1895 1047 1970 quod
1069 1891 1128 1945 [unt
1142 1889 1190 1942 ad·

124 2017 127 2020 ·
150 1986 219 2049 iatri,
246 1984 466 2059 quandoquidem
488 1985 590 2041 faciunt
609 1987 643 2040 ed
664 1986 824 2059 infigendam
845 1989 936 2041 animo
955 1976 1032 2041 altius
1051 1980 1189 2054 cogitatio·

148 2092 206 2131 um
225 2094 257 2129 ac
271 2072 389 2135 sensum,
410 2075 453 2147 agi
468 2075 535 2129 hue
549 2077 617 2130 inter
633 2076 759 2150 pastores.
793 2078 865 2130 Tum
878 2095 939 2130 vero
953 2073 1111 2148 respondent
1124 2070 1192 2124 haee

149 2183 169 2219 t.
182 2185 197 2235 7
213 2168 293 2220 Dum
308 2179 408 2217 tenera
419 2165 572 2219 attondent
585 2171 715 2240 virgulta
736 2168 875 2238 capellae.
945 2169 978 2239 75
990 2162 1189 2239 cunetannbrta

149 2259 214 2310 eoni.
229 2255 298 2309 'litii
310 2255 406 2308 Locor.
419 2253 454 2317 X,
468 2272 484 2324 7
509 2254 604 2326 probat
617 2256 705 2310 Corda
723 2273 750 2311 et
771 2257 824 2310 aiii.
863 2258 1043 2311 comantibus
1061 2251 1187 2308 Barthiue

150 2346 220 2399 eino
234 2342 306 2399 Cod.
324 2341 399 2396 sensu
419 2345 531 2397 eodem:
557 2362 584 2400 vt
604 2362 741 2400 morentur
757 2347 857 2401 diutine
870 2365 951 2420 quarn
966 2345 1080 2421 expedit.
1122 2343 1188 2396 Pro·

149 2435 238 2489 dirior
261 2436 293 2488 in
319 2432 375 2486 boc
400 2431 439 2488 est
462 2434 570 2487 Wakef.
597 2435 632 2489 ad
651 2438 755 2490 Lueret.
776 2437 828 2498 VI,
849 2438 908 2506 783.
997 2438 1031 2508 76
1051 2431 1190 2508 frugibus

149 2524 250 2578 herbae
264 2523 395 2579 Rouend.
438 2524 461 2577 E
481 2523 617 2578 nonnullie
638 2526 810 2598 ap.1‘ierium
829 2525 873 2579 hie
892 2525 1138 2579 versuaexcideratt
1161 2533 1190 2574 et

150 2618 211 2668 ratio
232 2612 331 2668 subesse
350 2611 400 2665 risa
414 2610 453 2667 est
470 2614 529 2667 virio
552 2613 653 2676 doctis,
677 2634 724 2668 eur
748 2614 879 2668 sublatum
898 2615 1022 2679 malleum
1051 2630 1113 2666 narn
1133 2610 1190 2663 sen·

151 2703 227 2756 amm
246 2719 263 2754 a
283 2701 345 2754 loco
367 2700 405 2756 est
424 2701 518 2756 aliena.
561 2706 644 2757 Poeta
659 2704 704 2757 sub
721 2707 841 2778 iunipero
856 2705 1033 2764 cursedebat.
1063 2700 1189 2756 fivmbra

152 2792 231 2858 grauia
249 2789 303 2843 est!
340 2790 439 2844 Saltem
459 2792 541 2846 otiosa
561 2792 598 2848 est
616 2796 752 2850 exornatio
776 2795 918 2851 sententiae
939 2790 1117 2848 antecedentis
1134 2800 1189 2841 ver·

150 2878 202 2934 Ire:
226 2898 296 2954 quae
314 2896 406 2935 tamen
424 2881 485 2937 ferri
501 2883 588 2952 poffit.

153 3086 177 3130 v.
196 3067 261 3150 sup.
286 3068 327 3142 II,
349 3070 402 3132 50.
447 3078 499 3150 74.
528 3072 648 3133 viridis
754 3073 805 3153 75.
837 3072 954 3151 grauis
984 3099 1028 3121 υ·-
1055 3066 1185 3142 ambra,
1294 3153 1296 3158 .

145 3171 182 3250 se
203 3171 346 3250 subiicit
379 3173 493 3242 alnus,
538 3193 647 3239 tenera
688 3180 821 3244 nociua;
856 3171 984 3257 phyficis
1007 3172 1047 3233 de
1070 3166 1187 3244 cauffis,

153 3273 269 3349 crescit,
295 3274 377 3334 conf.
392 3277 508 3360 Georg.
523 3267 569 3352 11‘,
590 3301 647 3360 193
688 3294 722 3338 vt
741 3275 973 3337 rheumatismos
993 3271 1119 3336 arceffat
1139 3275 1189 3332 ni·

153 3375 193 3438 est
206 3378 245 3437 ab
259 3380 307 3451 iis,
336 3377 468 3458 quaese
490 3382 646 3457 attollunt,
689 3385 753 3442 mio
776 3379 879 3440 calore
901 3377 1003 3439 solutis
1030 3375 1187 3438 membris.

150 3478 262 3541 sursum
306 3483 448 3561 erigunt,
498 3487 647 3556 emicant,
691 3483 773 3544 conf.
802 3484 924 3555 Lucret.
953 3480 1016 3551 vl,
1046 3482 1109 3560 783
1124 3479 1189 3563 sqq.

152 3582 292 3652 ductum;
315 3579 393 3642 haec
408 3585 650 3661 enimsesubr'i·
690 3588 840 3670 Irmiperi
861 3604 937 3644 vero
960 3580 1107 3645 molestae
1137 3602 1190 3642 ex-

152 3706 227 3744 eere
258 3685 420 3766 dicuntur,
464 3702 498 3747 vt
525 3686 650 3749 flamma
691 3688 873 3758 halationes,
892 3689 1032 3767 inprimit
1048 3683 1101 3745 sub
1115 3704 1191 3744 noc.

152 3788 269 3870 Georg.
284 3786 339 3860 IV,
356 3770 430 3853 385.
471 3789 521 3850 Ab
542 3789 651 3850 eadem
692 3807 767 3853 tem.
810 3789 887 3850 Inde
910 3809 960 3870 op.
973 3788 1121 3870 Apollon.
1134 3785 1190 3862 IV,

152 3910 188 3953 re
223 3891 310 3950 duxit
345 3894 513 3973 imaginem
550 3893 652 3953 famae
699 3896 884 3966 156ramus‚
904 3890 1194 3974 quomedicamen·

153 3993 263 4054 Horat.
280 3992 342 4052 Od.
359 3993 383 4067 1,
405 4016 452 4069 12,
469 4001 510 4073 45
533 3995 655 4073 Crescit
695 4010 728 4055 ta
763 3993 815 4053 sua
848 3992 1018 4075 soporifera
1053 3991 1193 4052 draconis

157 4095 288 4155 occulto
320 4096 411 4154 velut
436 4099 540 4161 arbor
568 4120 654 4161 aeno
698 4098 794 4160 oculis
817 4095 964 4180 inspergit
984 4094 1116 4161 Medea,
1147 4093 1195 4149 iu·

154 4197 265 4257 Fama
285 4198 447 4261 asareem.
698 4203 801 4286 niperi
823 4196 876 4262 est.
936 4196 987 4278 76.
1013 4206 1134 4256 nocent
1162 4204 1197 4251 et
