2692 4914
200 353 547 430 euonorcon
574 292 967 459 tratum-492⁸
1032 363 1102 464 ιρι

69 543 152 614 Nec
181 536 252 611 suit
274 541 466 641 indignum
491 538 644 641 superiS,
681 540 737 615 bis
759 541 930 642 sanguine
952 545 1077 623 nostro
1187 633 1188 637 Ἰ

68 672 281 744 Emathiam
303 693 341 749 et
361 674 457 748 latos
478 677 612 746 Haemi
631 674 870 773 pinguescere
893 705 1056 780 campos.

136 881 184 941 ⁴9¹
206 871 273 923 Nan
286 869 381 920 Moret.
399 866 446 920 sec.
461 867 577 920 Parrhes.
612 866 760 921 Markland.
779 865 891 938 adstet.
912 869 978 923 situ.
993 874 1042 933 ΠΙ,
1065 875 1103 930 68

65 965 129 1009 tum
150 955 354 1026 interrogatione
375 951 514 1021 legendum
536 950 587 1005 esse
608 951 758 1006 contendit:
783 954 843 1006 Iseo
853 953 918 1026 suit
938 951 1098 1028 taddaeum,

64 1044 174 1109 Superi,
198 1041 247 1092 bis.
283 1038 315 1089 Et
332 1036 365 1088 stc
381 1036 422 1088 ed.
438 1037 548 1088 Medios.
583 1037 655 1089 Bene
674 1038 761 1107 vtique
775 1054 800 1090 et
824 1037 883 1090 hoc.
925 1038 1038 1112 Vulgata
1060 1059 1101 1097 tt·

64 1145 126 1178 men
142 1143 189 1176 nec
204 1124 289 1175 minus
303 1121 377 1173 bene.
413 1123 504 1192 Itaque
518 1120 605 1174 nuilus
619 1121 795 1175 emendationi
811 1122 892 1175 locut.
920 1125 990 1176 roni.
1007 1127 1097 1182 Bam.

54 1210 190 1281 superbis
202 1208 285 1263 Goth.
301 1226 338 1279 pr.
407 1217 458 1276 492
477 1209 569 1262 laetor
581 1206 762 1276 Reg.Mrrtin.
777 1225 838 1260 cum
852 1209 986 1262 nonnullis
1000 1211 1062 1267 edd.

63 1389 146 1433 runt
165 1374 297 1450 agmine
311 1392 451 1451 tempor.
493 1370 562 1434 Vix
603 1374 665 1434 icoo
680 1372 850 1450 sauguine
870 1394 1011 1455 campos.
1055 1379 1098 1442 Et

65 1473 269 1548 etiamficea
289 1472 385 1532 milesv
394 1477 561 1534 Romanus
602 1476 729 1546 tandem
755 1476 916 1536 Petronius
945 1497 1011 1558 cap.
1036 1501 1094 1541 rar

62 1597 170 1635 arena
195 1577 268 1655 Offa
290 1579 398 1633 virum
421 1577 560 1635 laceros·
601 1579 663 1656 (de
683 1576 770 1636 Bato
795 1576 862 1634 Ciu.
887 1584 966 1653 110)
989 1580 1095 1640 Cerne
1174 1564 1176 1569 Ι

61 1698 129 1760 que
145 1679 240 1758 prius
252 1675 485 1758 serperadstt'tic
505 1699 560 1736 ar·
601 1677 752 1760 equidem
772 1679 906 1754 gemina
924 1680 993 1737 iam
1006 1681 1096 1758 stra·
1192 1694 1199 1725 ¹·

63 1796 127 1840 tus.
155 1780 269 1849 ,Licuit
290 1793 421 1858 poetae,
451 1799 559 1859 quam-
601 1793 653 1837 tos
673 1793 779 1837 morte
798 1778 975 1860 Philippos.
1019 1782 1095 1842 Noli

62 1901 156 1964 quam
172 1880 276 1960 paullo
292 1876 427 1952 craffius,
450 1884 483 1938 in
504 1902 558 1941 eo·
583 1894 706 1950 ,tamen
732 1893 898 1958 propterea
927 1900 997 1940 curn
1022 1887 1095 1945 virio

61 1983 137 2042 dem
164 1981 236 2041 loco
263 1981 412 2059 praelium
444 1981 558 2041 sactum
600 1980 696 2041 doctis
738 1977 923 2054 existimare,
974 1999 1094 2047 veteres

61 2085 183 2155 dicere,
206 2081 337 2164 quodin
353 2083 409 2142 iliis
424 2087 558 2166 regioni-
599 2079 780 2160 Pharsaliam
825 2102 894 2141 curn
944 2082 1095 2166 Philippis

62 2185 131 2256 bur,
152 2188 185 2243 in
206 2204 245 2244 eo
267 2204 365 2264 regno
387 2199 438 2242 aut
456 2185 557 2267 plaga,
600 2180 776 2243 confudisse.
844 2184 950 2245 Latiar
993 2189 1094 2246 Ema-

61 2288 185 2348 sactum.
243 2284 285 2343 Vt
312 2284 391 2344 adeo
422 2305 463 2344 ue
491 2301 557 2346 turn
600 2283 724 2351 titiam,
760 2283 972 2366 Titeffalram,
1003 2291 1094 2348 Hae·

61 2391 188 2472 quidem
207 2385 313 2446 vitiose
330 2387 444 2445 dictum
460 2388 557 2447 videri
598 2405 703 2458 mrim,
737 2385 906 2468 Philippos
933 2405 965 2448 et
987 2390 1093 2450 Plaet-

58 2489 184 2559 debeat,
211 2485 232 2546 st
248 2486 395 2566 Philippis
421 2485 488 2566 ipsu
512 2488 557 2548 di·
587 2485 704 2562 salum
718 2489 751 2544 in
768 2485 884 2567 poetis,
912 2495 966 2571 qui
987 2492 1026 2554 de
1044 2491 1092 2556 hie

59 2606 110 2650 oet
123 2596 232 2648 iterum
247 2586 429 2647 concurrisse
441 2589 555 2649 Roma·
597 2586 719 2665 praeliis
735 2605 847 2669 agunt,
867 2589 940 2662 dici,
961 2611 998 2651 ac
1014 2590 1092 2652 fied

60 2711 118 2752 nae
133 2695 221 2749 acies.
264 2690 368 2770 Quid?
386 2691 469 2770 quod
484 2711 555 2750 con.
597 2688 725 2747 eandem
743 2693 901 2767 regionem
918 2696 1021 2751 omnia
1038 2695 1091 2755 illa

58 2795 147 2853 tendi
173 2789 288 2871 potest,
320 2807 454 2860 veteres,
487 2813 556 2850 cum
596 2787 757 2847 reserenda
784 2785 859 2861 fint,
900 2813 937 2850 ex
967 2813 1090 2871 compa-

58 2892 138 2955 haec
162 2894 327 2974 Virgiliana
355 2897 487 2951 carmina
512 2893 556 2953 le·
596 2896 717 2949 ratione
744 2888 894 2951 dictorum
922 2890 1015 2949 obuia
1041 2913 1090 2953 res

59 3011 181 3078 gerent,
211 2996 372 3054 sententias
389 3015 454 3053 non
469 2996 556 3055 aliter
597 2988 647 3048 est.
723 2994 796 3068 489.
834 2990 972 3070 paribus
1005 2993 1108 3081 telis,

59 3092 267 3157 constituisse?
310 3097 353 3154 Ex
383 3101 553 3155 imitatione
596 3111 664 3149 eum
703 3095 847 3171 utrinque
882 3112 898 3149 a
942 3091 1090 3154 Romanis
1204 3112 1214 3129 ⁸

57 3199 167 3258 Ouidii
183 3197 306 3256 iudices.
351 3197 378 3254 ls
392 3198 467 3255 Met.
483 3198 553 3269 XV,
596 3207 793 3273 pugnaretur.
859 3193 941 3252 Hinc
973 3195 1088 3258 Lucan.

58 3302 132 3363 823.
155 3302 219 3373 824
251 3299 289 3356 de
312 3296 443 3356 Caesaris
465 3298 554 3358 ultio·
595 3291 656 3369 1‚7
677 3289 864 3373 infestisque
878 3291 1090 3375 obuiastgnir

57 3422 119 3462 ne:
167 3397 341 3474 Pharsalia
361 3399 487 3472 sentiet
516 3398 572 3457 il·'
598 3395 716 3470 Signa,
753 3397 1023 3477 P0V³⁸⁰q1¹il⁰⁸s
1055 3413 1090 3458 0⁶

58 3505 146 3567 lum,
193 3500 415 3578 Entatltiaque
445 3505 555 3558 iterum
591 3496 664 3576 pila
699 3496 864 3553 minantia
899 3502 985 3576 pilis.
1049 3501 1090 3561 Et

58 3601 245 3681 madefacti
272 3599 373 3658 caede
402 3601 554 3681 Phtlz'ppi,
596 3598 698 3656 Valet.
716 3598 759 3657 Fl.
778 3584 907 3676 VI,404
922 3603 1091 3661 Romanas

55 3708 97 3767 Et
123 3707 285 3771 Lucanus,
331 3706 384 3784 qui
413 3701 464 3762 lib.
495 3701 556 3761 v11
597 3700 703 3757 veluti
726 3698 918 3776 saerttffima
946 3724 1020 3761 cum
1046 3705 1090 3761 le.

55 3807 112 3871 sub
133 3807 154 3864 f.
178 3820 273 3865 toturn
292 3802 374 3863 hunc
388 3804 490 3862 locum
505 3824 556 3862 ex·
595 3805 710 3878 giones
738 3800 907 3882 Tisiphone
933 3823 1090 3885 regesque

55 3904 179 3991 pressit,
225 3906 384 3984 Tltqffalia
418 3903 557 3971 infelix!
597 3917 728 3961 morter:
743 3923 880 3983 qnorum
891 3907 1027 3979 agmina
1035 3906 1089 3983 pi-

56 4032 86 4071 v.
102 4010 167 4071 853
193 4007 286 4064 Ante
301 4027 409 4064 noune
423 4005 556 4062 venient
597 4004 654 4074 tis,
688 4003 833 4084 Qttorum
849 4004 970 4084 aquilae
985 4000 1089 4061 utrin-

55 4113 165 4179 acies,
200 4107 387 4188 scelerique
403 4103 554 4181 secundo
597 4125 661 4186 que
677 4106 809 4163 uticant.
850 4106 1088 4186 491·.49²·-D⁰·

53 4206 250 4283 Praestabis
281 4206 427 4267 noudum
447 4205 556 4281 steros
597 4224 721 4266 creuere
738 4207 781 4266 dii
788 4248 799 4278 ,
826 4205 917 4265 fatale
939 4206 1015 4278 suit,
1044 4203 1088 4266 bis

96 4307 234 4371 'sons
644 4298 704 4365 Xx
1038 4309 1040 4312 ’
