2692 4914
264 334 616 409 oeoaorcon
641 329 1040 423 marana-261
1114 336 1211 420 aar
1260 293 1266 303 ’

155 517 365 608 Interdum,
409 538 474 592 aut
499 518 635 594 ederae
661 518 837 620 pandunt¹
857 514 1003 616 vestigia
1023 526 1162 619 nigrae.

130 664 132 673 ⁴
220 657 286 725 His
302 652 579 745 animaduersis,
609 675 745 728 terram
763 651 881 724 multo
896 671 982 726 ante
995 674 1184 730 memento

152 790 391 886 Excoquere,
421 806 459 862 ct
476 813 631 887 magnos
651 784 839 864 scrobibus
860 787 1060 862 concidere
1074 815 1183 862 mon·

772 923 830 1007 tis,
1106 925 1182 998 260

149 1051 251 1124 Ante
283 1048 465 1150 supinatas
499 1049 668 1152 aquiloni
696 1024 890 1129 ostendere
919 1051 1056 1154 glebas,

145 1284 147 1288 1
222 1253 274 1305 258
292 1252 362 1303 haut
380 1251 494 1313 Medic.;
520 1252 548 1304 in
569 1251 663 1305 eodem
678 1253 812 1324 pandunt
829 1214 929 1325 primda
948 1253 1016 1307 duaa
1034 1254 1134 1310 litterae
1154 1256 1182 1310 ia

146 1334 228 1388 litura
243 1355 257 1387 a
271 1356 307 1389 m.
321 1356 372 1389 rec.
393 1356 427 1388 an
441 1335 484 1388 ille
502 1354 632 1409 pangunt
645 1336 757 1391 habuit?
823 1341 874 1409 259
891 1342 943 1391 Hir
958 1348 1044 1392 eriam
1055 1339 1182 1411 aduersas

148 1420 237 1481 Ven,
260 1423 349 1477 ataid.
364 1421 410 1473 ins.
426 1421 523 1492 Georg.
537 1424 582 1485 lli,
603 1424 659 1476 123.
735 1423 786 1477 260
805 1425 981 1475 circumdare
1001 1439 1109 1478 montes
1127 1426 1182 1479 Ro·
1267 1448 1272 1456 ·

147 1523 255 1558 manus.
292 1521 318 1559 et
340 1507 436 1559 omittit
456 1505 553 1558 Medic.
576 1506 666 1566 Pierii,
700 1505 772 1577 quod
791 1507 909 1577 placebat
928 1510 1060 1572 Marino,
1090 1511 1182 1584 quiet

147 1589 265 1644 malebat
286 1597 398 1663 magnis
403 1589 563 1659 scrobibus.
601 1586 730 1642 omissum
753 1605 779 1642 et
800 1593 828 1643 in
846 1591 907 1645 edit.
926 1591 1075 1664 Cuningh,
1108 1596 1182 1668 quod

146 1674 222 1728 idem
249 1675 362 1728 malebat
382 1677 455 1728 Corr.
479 1677 511 1726 ad
533 1674 599 1727 Piin.
618 1675 667 1726 Vll
686 1692 745 1747 epp.
762 1685 787 1741 4.
830 1675 935 1729 Scilicet
954 1679 1014 1748 quia
1038 1678 1135 1751 alioqui
1154 1682 1182 1733 in

148 1760 229 1813 tertio
244 1760 361 1812 membro
377 1759 472 1830 copula
486 1759 658 1812 desideratur:
687 1758 985 1832 Antesupinatarque.
1021 1765 1072 1815 lac.
1084 1766 1183 1834 Bryant

148 1860 242 1897 acute:
277 1849 371 1916 Atque
382 1845 537 1915 supinatas
557 1845 690 1913 aquiloni
709 1843 845 1907 emendat,
874 1844 947 1918 quod
966 1845 1088 1917 equidem
1107 1867 1181 1919 prae·

146 1929 241 1984 feram.
296 1931 366 1983 Cum
392 1928 425 1981 de
451 1928 561 1982 collibus
586 1946 692 2000 agatur,
731 1947 849 2000 magnos
870 1948 924 1982 non
950 1930 1016 1982 bene
1043 1935 1182 1988 memorari

147 2029 255 2067 montes
272 2013 345 2069 sarilo
360 2014 462 2067 sentias.
489 2012 578 2066 Placet
593 2014 680 2085 itaque
695 2012 767 2086 quod
782 2013 911 2067 Martinus
924 2015 1053 2069 malebat:
1071 2028 1182 2091 magnis
1270 2073 1277 2082 ,

140 2099 304 2172 scrobibus.
372 2102 420 2154 261
446 2098 599 2153 extendere
613 2097 708 2151 Moret.
728 2099 818 2159 alter,
831 2097 908 2151 malr.
925 2100 976 2153 rid.
996 2101 1063 2155 Not.

150 2256 268 2331 nigra,
296 2256 391 2315 mrrlta
412 2256 482 2314 loca
500 2252 648 2337 congessit
690 2253 738 2312 bit
755 2254 933 2335 specimen.
955 2274 1124 2340 promtum
1140 2259 1184 2340 est

151 2355 265 2416 Cerda.
287 2356 324 2414 cs.
340 2359 465 2418 Martin.
493 2356 648 2436 pandunt
685 2356 913 2438 praediscere,
946 2357 1068 2420 firmant
1097 2367 1183 2443 prio·

148 2457 306 2534 vestigia,
348 2460 459 2518 indicia
497 2458 649 2540 praebent
688 2479 755 2519 rem
771 2462 1067 2539 interpretationem.

150 2563 284 2642 frigoris.
321 2556 378 2617 nist
400 2559 438 2618 ad
459 2561 575 2621 radices
600 2582 648 2621 re-
752 2563 813 2638 259
828 2593 867 2606 -
886 2565 957 2623 262.
991 2564 1116 2626 Transit
1143 2567 1183 2628 ad

150 2664 252 2733 seras,
296 2660 405 2741 quibus
431 2660 494 2722 solo
516 2662 584 2722 sunt
604 2662 648 2720 as·
689 2662 863 2719 vinearum
899 2663 1087 2738 sationem,
1142 2669 1182 2728 de

148 2764 242 2832 fixae,
264 2779 295 2822 vt
310 2765 389 2823 adeo
410 2763 523 2822 dictum
538 2762 573 2823 sit
590 2785 647 2843 pro
690 2764 800 2844 quibus
829 2761 952 2842 copiose
984 2771 1046 2846 agit
1079 2767 1118 2826 ad
1153 2788 1182 2825 v.

126 2848 297 2947 ¹simplici:
319 2866 362 2925 ibi
376 2865 520 2925 crescunt.
546 2863 649 2939 Vesti-
689 2873 769 2943 419,
802 2861 855 2925 etsi
883 2864 978 2923 multa
1006 2864 1184 2945 interposita

146 2973 210 3048 gia
235 2989 292 3049 pro
327 2968 474 3048 pedibus,
518 2968 647 3047 plantis,
689 2965 768 3036 sunt,
788 2964 1185 3046 quaeritibuscommunin
1293 2967 1294 2970 ’

148 3055 323 3141 radicibus,
356 3070 510 3151 figuntur,
543 3084 648 3129 exten·
690 3064 841 3126 summm
860 3067 924 3127 aliis
942 3066 1116 3129 arboribus:
1145 3071 1182 3129 cs.

149 3174 281 3244 duntur,
297 3173 486 3251 panduntur.
510 3173 648 3231 Itavtac-
690 3169 768 3227 Plin.
784 3168 885 3244 XVII,
902 3169 922 3229 s.
942 3179 987 3246 14.
1008 3173 1056 3241 16,
1077 3185 1109 3229 et
1122 3175 1184 3251 pri-

149 3279 288 3355 ciperet,
318 3272 521 3334 inducebatur
534 3272 649 3347 Wake·
690 3291 776 3328 mum
804 3271 931 3352 quidem
951 3269 993 3330 de
1013 3271 1186 3350 faciendis

148 3377 225 3440 field
264 3375 350 3435 versu
380 3378 565 3436 Lucretiano
595 3373 648 3432 lib.
680 3371 877 3449 scrobiburr
917 3373 968 3433 sed
995 3394 1089 3456 quam
1116 3376 1187 3455 pul·

148 3480 202 3551 V,
220 3497 282 3556 912
311 3478 651 3536 Arrestomt'nemtan·
693 3494 743 3533 cre
777 3488 810 3534 et
848 3492 958 3536 ornate
1001 3472 1062 3538 hoc
1098 3498 1187 3556 prae·

150 3595 189 3640 eo
233 3577 452 3638 membrorum
488 3579 551 3660 effe
592 3580 651 3634 im·
693 3590 817 3656 cepturn
851 3576 946 3636 tribus
978 3575 1024 3636 his
1054 3576 1187 3640 versibus

146 3696 230 3764 pete
251 3695 384 3750 narrem,
424 3684 528 3740 Trans
543 3681 653 3736 maria
695 3680 870 3756 259—261
896 3679 1072 3760 proposuit!
1099 3681 1189 3741 Arbi-

150 3786 229 3845 alta
246 3783 370 3865 pedum
391 3785 489 3841 niam
506 3796 544 3841 vt
567 3801 652 3862 pan·
694 3795 760 3838 taor
780 3795 883 3840 eutem
904 3795 976 3840 ante
1006 3783 1112 3843 oculos
1135 3781 1190 3844 ha·

152 3887 237 3948 dere
255 3886 369 3967 poffet.
433 3886 550 3944 Verum
577 3902 656 3962 poe.¹
695 3877 791 3940 buille
811 3897 937 3962 poetam
959 3881 1106 3963 Xenoph.
1128 3885 1191 3944 Oe·

150 4007 207 4053 tae
228 3986 395 4059 consilium,
424 3986 592 4048 sententiae
610 3998 655 4042 te·
697 4001 766 4042 con.
795 4004 821 4042 c.
846 3984 938 4057 XVI,
975 4006 1009 4044 rr
1039 3983 1103 4065 sqq.
1112 4025 1122 4055 ,
1141 4025 1144 4030 ,
1160 3998 1192 4044 et

147 4112 214 4156 nor
221 4133 232 4162 ,
262 4104 295 4148 et
315 4087 438 4162 similia,
465 4108 544 4170 quae
570 4099 656 4144 ante·
696 4082 854 4166 Theophr.
886 4086 926 4147 de
962 4080 1059 4146 Cauil.
1092 4083 1190 4142 Plant.

123 4176 322 4263 cesserant,
357 4191 396 4252 vs.
421 4199 479 4270 241
511 4188 578 4249 eale
597 4184 656 4247 da·
696 4185 757 4258 111,
780 4190 811 4248 5.
862 4187 912 4248 De
943 4189 1051 4246 vitium
1076 4184 1193 4245 cultura

195 4292 337 4356 Tomi
748 4287 820 4349 Fit
856 4299 857 4302 ’
