2692 4914
693 60 734 131 0

659 172 677 219 s

185 334 957 426 GnottorcoNLtss.11,355-363
1032 351 1107 448 ss,

74 521 222 598 Viribus
238 526 328 594 eniti
343 543 517 622 quarum,
541 541 841 627 etcontemnere
860 547 991 605 ventos
1029 536 1104 612 360

72 653 303 748 adsuescant,
323 655 558 757 summasque
582 657 684 758 sequi
709 658 873 733 tabulata
890 688 959 762 per
972 666 1102 745 vhnos.

134 797 200 881 Ac,
224 790 315 862 dum
327 795 448 891 prima
461 795 570 865 nouis
586 791 763 866 adolescit
777 791 972 870 frondibus
990 820 1102 894 aetas,
1229 869 1234 875 .

26 1020 30 1029 ἡ
67 923 305 999 Parcendum
325 931 462 999 teneris
469 954 480 1014 ;
530 944 585 1017 et,
615 925 706 1000 dum
726 924 762 1002 Ie
784 928 903 1004 laetus
925 929 974 1004 ad
993 959 1100 1013 aurat
1168 1018 1173 1027 ,
1225 930 1230 938 ’

67 1133 198 1185 rationem
224 1131 395 1204 enquifitioria
421 1130 488 1186 rsus.
547 1129 673 1204 Repoloit
700 1150 805 1205 quoque
831 1138 961 1192 valenter
985 1142 1097 1198 anck.
1134 1184 1137 1191 ,

67 1218 312 1286 361Adsufscum
332 1218 457 1272 Rottend.
482 1232 540 1270 tert.
582 1216 741 1286 Adsueseat
762 1218 845 1271 Goth.
870 1238 907 1292 pr.
995 1228 1044 1282 362
1063 1230 1102 1283 Ε,

67 1303 136 1355 dum
150 1303 265 1359 Parthas.
307 1307 352 1356 Aa
374 1322 436 1354 cam
449 1301 522 1355 Laid.
544 1318 583 1374 pr.
625 1305 666 1354 At
685 1302 768 1354 Goth.
790 1323 829 1376 pr.
865 1305 1010 1377 adolescet
1028 1306 1100 1368 idem
1219 1311 1221 1317 ’

65 1407 128 1442 curn
143 1389 223 1441 tribuis
239 1387 330 1442 etErl.
400 1390 450 1443 363
471 1384 651 1440 Parcendum
672 1384 711 1457 rfI
732 1384 786 1440 duo
806 1407 848 1458 ap.
865 1392 970 1458 Bttrtn„
992 1412 1097 1452 otner-

65 1492 119 1547 que
132 1472 238 1536 Menti,
265 1473 329 1526 alter
342 1473 438 1526 etiam:
475 1471 542 1524 dnm
551 1470 618 1540 sese
638 1489 686 1542 pro
709 1487 735 1523 et
755 1472 822 1525 darn
833 1473 879 1544 se.

63 1642 252 1708 sustinendas
286 1646 359 1725 palo
389 1661 442 1706 ant
475 1648 560 1727 iugo,
602 1642 642 1704 de
658 1640 757 1704 Cauil.
773 1646 871 1708 Plant.
884 1646 944 1721 111,
964 1669 994 1730 9.
1038 1652 1122 1713 ca„

64 1764 118 1808 aut
133 1749 196 1808 aliis
211 1749 319 1808 modis.
341 1749 421 1809 conf.
438 1747 559 1810 Colum.
602 1760 635 1805 to
650 1747 701 1817 33,
719 1767 752 1818 2,
770 1763 801 1813 at
815 1749 929 1810 refellit
942 1750 1097 1815 Columel.

64 1851 130 1924 IV,
157 1872 203 1910 η.
258 1851 337 1911 Plin.
366 1850 473 1921 XVII,
508 1871 558 1924 22,
600 1846 631 1906 la
660 1867 729 1909 cum
756 1848 777 1910 l.
801 1871 826 1908 c.
849 1850 889 1921 V,
912 1854 948 1923 6,
975 1875 1013 1912 aa
1034 1855 1095 1938 sq„
1219 1905 1221 1909 ,

62 1951 167 2024 [35,
196 1971 242 2031 ¹9·
305 1956 379 2016 361.
406 1952 560 2011 tabulata
603 1964 668 2009 tum
688 1949 744 2023 IV,
770 1971 863 2023 ιω
901 1944 1114 2031 nantillam

63 2059 99 2115 in
115 2059 211 2114 vineis
233 2052 301 2113 sunt
317 2054 439 2114 ordines
459 2074 562 2114 ramo·
602 2066 746 2110 veterem
781 2054 969 2132 opinionem
1002 2057 1095 2127 darn·

63 2178 133 2219 rum
147 2161 181 2216 in
196 2155 374 2228 arboribus,
403 2155 491 2216 vlmis
513 2161 560 2219 in·
601 2155 698 2211 nanit
716 2153 801 2229 vfns,
830 2175 897 2213 non
919 2156 982 2235 effe
994 2161 1095 2238 ferro
1140 2184 1145 2204 ‘

61 2262 181 2340 primis,
204 2261 456 2339 prominentium,
482 2279 559 2340 quos
602 2253 784 2332 tangendos
812 2258 985 2318 anniculos
1012 2263 1095 2322 mal·

61 2357 163 2422 recifir
177 2360 254 2431 aIiIs,
280 2363 322 2418 ita
337 2362 371 2417 in
386 2358 477 2438 plana
493 2375 559 2419 ten·
600 2355 720 2425 leolos,
751 2357 844 2440 qnod
860 2363 966 2421 aciem
986 2365 1094 2444 rosor.
1144 2398 1147 2404 -

63 2463 162 2533 dunt,
197 2475 230 2520 vt
246 2461 370 2520 Seruius
390 2464 449 2533 ait,
484 2461 560 2522 dila-
599 2457 744 2525 midam,-
768 2460 860 2542 qnod
870 2463 1002 2541 frustra
1016 2468 1094 2527 Vir.

61 2579 133 2624 tant
148 2584 184 2621 ac
195 2583 253 2642 per
266 2563 376 2644 gradus
392 2561 560 2625 deflectunt
597 2561 697 2638 gilius
718 2586 757 2606 ··⁸
781 2566 970 2627 timuerunt.
1000 2568 1092 2629 Coni.

63 2665 229 2748 agricolae,
249 2679 282 2722 vt
296 2663 479 2726 robustiores
493 2668 559 2747 pal·
601 2664 702 2743 Geop.
726 2664 773 2732 V,
796 2667 843 2726 23.
869 2669 918 2728 25.
956 2667 1094 2744 frondi-

61 2773 154 2831 mites
169 2787 262 2824 vnum
283 2762 352 2844 poll
370 2767 498 2826 alterum
513 2789 559 2828 ra·
600 2759 681 2822 bus-³
707 2765 746 2824 de
762 2770 823 2826 vite
840 2771 910 2848 agit.
952 2769 1003 2827 Sic
1021 2791 1094 2833 mox

60 2891 149 2942 mum
186 2872 336 2948 attingere
371 2871 469 2951 iisque
498 2870 558 2932 lese
600 2868 663 2928 566
683 2881 714 2926 et
734 2866 816 2927 alibi.
859 2868 966 2950 Itaque
986 2877 1095 2950 putaui

62 2971 219 3052 applicare
243 2985 275 3030 et
294 2969 323 3029 le
345 2971 468 3032 eleuare
492 2989 559 3033 tan·
601 2972 692 3027 etiam
703 2968 941 3047 fraudatorem
960 2971 1000 3030 ad
1019 2976 1094 3034 vitoe

60 3095 156 3158 quam
191 3093 250 3153 per
289 3072 399 3153 gradus
436 3072 558 3154 posslnt.
600 3067 735 3147 spectare
756 3070 821 3129 Ecl.
843 3071 874 3144 1,
896 3073 949 3150 57,
988 3070 1042 3132 etsr
1062 3089 1096 3135 et

59 3178 164 3243 Locus
179 3171 221 3236 est
237 3175 319 3254 apud
334 3174 454 3237 Colum.
471 3177 510 3252 V,
527 3180 557 3252 6,
600 3171 671 3230 alias
700 3170 825 3232 arbores
853 3177 1020 3253 amputari,
1061 3190 1094 3237 et

62 3299 113 3346 η.
136 3299 184 3337 12.
209 3278 259 3339 23.
280 3284 330 3355 24.
357 3310 360 3315 -
560 3341 568 3354 .
598 3272 741 3338 frondem
770 3279 876 3354 pecori
904 3273 1095 3355 substernen-

600 3375 670 3437 dam
693 3381 794 3455 parari
814 3381 1025 3453 meminerim,
1061 3396 1094 3442 et

102 3480 312 3560 362-570.
345 3479 558 3544 Putationem
600 3476 826 3559 quihocfacit,
855 3484 980 3561 proprie
992 3482 1093 3560 fron·

59 3578 113 3641 l'eu
125 3583 411 3661 pampinationern
426 3587 458 3643 in
474 3603 558 3643 noua
600 3577 750 3639 datorem
771 3581 840 3640 dici.
875 3582 953 3642 Plin.
978 3584 1093 3664 XVIII,

59 3681 174 3742 fronde
194 3680 286 3761 plane
306 3685 438 3755 nullam,
459 3687 493 3747 in
514 3699 559 3748 te·
600 3683 652 3755 δι,
669 3681 690 3746 s·
707 3691 749 3761 74
790 3684 835 3740 Et
847 3683 985 3761 frondis
996 3707 1094 3766 prae·

57 3803 140 3852 nero
165 3784 288 3862 palmite
316 3805 383 3845 non
402 3786 485 3845 ferro
507 3784 558 3848 led
596 3781 773 3862 parandae
799 3799 924 3865 tempas
951 3786 1014 3846 hoe
1040 3787 1093 3866 est

56 3905 164 3967 vngue
188 3886 383 3967 tentandam,
419 3890 452 3951 ln
473 3887 558 3946 adul·
602 3885 697 3945 Vnus
729 3885 915 3964 frondator
949 3906 1094 3971 qrtatnor

58 4003 124 4055 tam
146 3990 240 4047 vitem
261 3986 365 4051 seuere
391 3985 451 4050 elle
474 4009 560 4048 exer·
592 3984 794 4064 frondarias
826 3991 965 4068 fiscinas
1007 4011 1094 4050 corn-

57 4086 204 4155 eendam.
254 4088 412 4172 Praecepti
429 4092 560 4170 primam
596 4088 690 4171 plere
712 4091 748 4147 in
770 4088 825 4150 die
846 4089 963 4166 instram
984 4090 1093 4151 habet.
1134 4120 1137 4126 ·

56 4205 186 4277 partem
212 4187 372 4258 confirmat
399 4190 558 4275 Theopht.
602 4190 994 4272 catu11.th(thV),41
1018 4191 1095 4257 Non

100 4290 240 4352 Torr.I
656 4292 711 4352 Iii
