2692 4914
253 302 1022 448 nvcorrcancmuraq-ni
1119 348 1189 447 193

146 542 284 629 Terra,
313 535 383 610 tibi
401 535 562 625 mand03
595 533 736 611 debent
760 532 855 609 haec
879 540 1036 635 pignora
1059 534 1190 636 Daph·

320 669 327 679 '
773 673 850 741 nin.

146 807 295 878 Ducite
321 801 371 875 ab
401 799 492 877 vrbe
515 799 689 896 domum,
730 826 816 876 urea
835 805 1016 893 carmina,
1062 800 1188 878 ducite

628 923 630 927 ¹
771 935 962 1037 Daphnin.
1189 936 1192 943 ’

145 1076 221 1144 Has
251 1052 413 1159 herbas5
459 1085 574 1168 atque
599 1069 693 1146 haec
720 1073 845 1143 Ponto
877 1070 969 1144 mihi
994 1069 1093 1146 lectu
1124 1095 1216 1146 ve.

773 1230 882 1298 uena,
1135 1203 1185 1303 95

147 1335 226 1438 lpse
256 1335 369 1410 dedit
390 1337 549 1409 Moeris:
590 1334 787 1412 nascuntur
812 1339 970 1441 plurima
994 1339 1136 1412 Ponto:

146 1473 211 1546 His
234 1497 312 1572 ego
333 1469 442 1570 saepe
466 1469 598 1570 lupum
619 1467 717 1563 fieri,
760 1493 798 1546 et
821 1472 856 1547 se
878 1473 1043 1548 condere
1063 1470 1161 1546 filuis

146 1609 319 1696 Moerin,
358 1601 466 1706 saepe
490 1609 630 1679 animas
648 1610 732 1679 imis
757 1611 881 1682 excire
900 1605 1084 1707 sepulcris,
1162 1578 1165 1585 ι

150 1744 273 1841 Atque
295 1715 401 1812 Γαῑαε·
416 1738 491 1813 alio
511 1739 588 1813 vidi
612 1739 809 1816 traducere
831 1738 960 1816 meffia.

151 1876 289 1950 Ducite
311 1871 363 1946 ab
389 1873 481 1951 vrbe
503 1872 677 1967 domum,
719 1901 806 1950 mea
834 1878 1015 1964 carmina,
1059 1870 1186 1945 ducite

772 2006 963 2109 Daphnin.
1114 2029 1184 2080 100

154 2145 214 2218 Fer
235 2147 406 2231 cineres,
440 2140 637 2236 Amarylli,
672 2138 789 2233 foras,
825 2146 987 2243 riuoque
1004 2139 1136 2216 fluenti

227 2350 266 2420 96
285 2347 422 2418 pluruma
443 2344 558 2406 Medic..
581 2325 777 2407 ursmaaeuma,
800 2364 870 2400 um.
892 2365 931 2421 pr.
1009 2348 1045 2418 98
1060 2348 1186 2400 Moerim

159 2435 200 2490 dit
225 2456 250 2489 v.
276 2437 312 2488 ud
340 2436 373 2496 11,
395 2435 438 2489 26.
492 2436 617 2489 Moerim
639 2451 666 2488 et
681 2436 711 2505 s.
729 2436 831 2489 zulich.
882 2446 1046 2508 animasque
1069 2432 1185 2489 Parthas.

104 2562 106 2569 ·
160 2537 224 2581 aare
237 2526 328 2581 Goth.
344 2522 395 2577 sec.
410 2523 577 2579 ed.Mediol.
595 2534 660 2595 ¹474
679 2543 738 2578 cum
753 2525 809 2579 aliia
825 2526 953 2599 antiquia;
981 2527 1016 2579 vri
1030 2543 1150 2596 auguror.

160 2709 273 2784 magicis
307 2723 326 2763 a
351 2702 479 2763 Didone
507 2699 648 2762 institutis
689 2704 892 2776 mendantur,
923 2706 994 2784 quia
1015 2702 1128 2762 Medea
1149 2706 1185 2762 iia

161 2803 223 2863 Aen
247 2805 311 2875 lv,
335 2808 398 2886 495
420 2805 461 2887 sq.
514 2807 565 2884 93.
593 2803 649 2862 de-
690 2805 739 2866 vsa
764 2820 836 2866 erut.
897 2805 1017 2884 Magica
1040 2824 1119 2886 quae
1140 2802 1184 2863 se-

162 2901 228 2962 dent
256 2905 341 2964 haec
365 2911 511 2989 pignora
529 2909 573 2966 D.
598 2928 649 2966 ex·
691 2922 827 2990 quunrur
840 2907 983 2964 miracula
997 2908 1087 2963 nimis
1106 2902 1185 2966 nota

161 3023 258 3086 pectet
279 3004 378 3068 hoca
400 3007 519 3070 defoffia
539 3007 592 3068 sub
613 3009 650 3067 li·
689 3009 775 3081 sunt,
798 3027 890 3089 quam
912 3022 944 3066 vt
966 3007 1072 3088 aliquis
1094 3009 1128 3065 in
1148 3009 1184 3067 iia

163 3115 237 3169 niue
268 3104 417 3185 vestibus,
469 3127 502 3172 vt
528 3113 568 3172 ad
597 3133 648 3174 eas
690 3111 824 3171 haereat.
846 3109 883 3172 cf.
899 3108 1010 3182 Cerdo,
1032 3123 1064 3169 et
1078 3108 1183 3170 laudd.

164 3209 298 3292 Daphnis
317 3209 366 3268 vel
383 3218 496 3273 inuitus
514 3214 649 3275 retraha-
691 3214 730 3274 ad
748 3234 776 3271 v.
799 3214 850 3292 69.

165 3327 203 3372 tur
229 3328 263 3373 et
287 3311 387 3370 redire
409 3331 544 3396 cogatur.
586 3316 649 3374 Va·
749 3336 817 3375 ror.
850 3314 976 3372 Nouum
1006 3326 1038 3372 et
1065 3309 1186 3375 fortiffi-

166 3419 245 3475 tiauit
260 3411 477 3473 Theocriteam
496 3421 649 3478 rationem
689 3437 774 3475 mum
801 3432 924 3497 praeter
952 3430 1053 3474 cetera
1078 3421 1184 3480 incau-

167 3514 212 3576 tl.
229 3539 260 3575 v.
281 3517 333 3577 53.
357 3519 408 3592 54.
429 3519 480 3593 59.
504 3521 553 3578 60.
595 3521 649 3578 Li·
691 3521 814 3579 tutionis
836 3539 931 3599 genus
953 3519 1080 3600 adgredi
1100 3521 1185 3582 vide·

169 3621 253 3678 unis
274 3631 378 3677 autem
400 3615 543 3676 solleunis
563 3640 649 3681 men·
691 3636 757 3694 tur,
800 3636 832 3679 vt
863 3625 979 3679 cineres
1011 3641 1048 3681 ex
1076 3643 1128 3682 ura
1149 3627 1184 3686 in

171 3725 201 3781 tio
215 3726 248 3781 in
262 3722 386 3800 poetica
407 3724 558 3793 oratione,
580 3742 650 3781 curu
692 3745 803 3806 aquam
818 3720 964 3784 fluentem
979 3737 1011 3783 et
1030 3744 1115 3803 pone
1135 3745 1185 3786 ca·

171 3840 212 3881 tur
234 3823 437 3882 admittuntur
463 3837 517 3881 aut
543 3825 651 3884 admit·
692 3842 748 3907 put
762 3830 866 3895 iaciat;
891 3824 976 3907 quod
988 3829 1099 3904 partim
1114 3848 1185 3889 curu

174 3928 349 4005 ticupiuut,
379 3941 433 3986 aur
451 3926 652 3988 excluduntur
694 3932 890 4009 expiationis,
935 3926 1070 3988 fluminis
1104 3950 1185 4012 aquo

174 4042 303 4089 mantes.
693 4036 763 4093 viua
785 4031 850 4092 fieri
871 4031 992 4105 solitae,
1013 4036 1092 4103 ritu,
1114 4052 1185 4112 pur·

207 4135 253 4208 95.
271 4132 363 4191 Lecta
378 4134 412 4192 in
427 4132 547 4208 Ponto,
567 4152 651 4194 nunc
693 4139 748 4193 tim
775 4155 844 4194 cum
872 4154 910 4194 eo
931 4155 1018 4195 more
1039 4137 1184 4192 coniunc-

177 4246 223 4306 pro
237 4231 398 4309 Colchide,
425 4254 547 4298 venena
568 4258 652 4299 com·
693 4252 759 4298 tum
776 4234 835 4300 effe
849 4253 945 4320 puto,
974 4254 1038 4319 quo
1059 4234 1116 4294 diis
1137 4237 1186 4296 iu·
