2692 4914
248 313 324 398 284
445 330 448 335 '
473 313 516 392 P.
539 322 1067 401 VIRGILIIMARONIS

251 496 447 600 Quidquid
472 510 561 597 eris5
605 533 692 581 nam
711 528 750 585 te
776 536 849 587 nec
872 508 1017 611 sperent
1036 513 1194 584 Tartara
1217 535 1274 584 re·

325 646 328 652 '
866 670 960 744 gem,

248 771 331 848 Nec
365 770 432 844 tibi
458 774 638 874 regnandi
663 781 787 850 veniat
810 795 887 850 tarn
913 777 995 851 dira
1018 779 1174 878 cupido:

250 909 431 1002 Quamuis
454 907 590 1001 Elysios
619 914 774 984 miretur
800 913 958 987 Graecia
986 936 1147 1013 campos,

249 1044 332 1116 Nec
353 1046 507 1142 repetita
530 1040 631 1142 sequi
652 1064 758 1120 curet
782 1045 999 1147 Proserpina
1017 1065 1190 1132 matrem

247 1177 312 1252 Da
330 1173 479 1251 facilem
499 1174 661 1269 cursum,
688 1197 803 1279 atque
822 1180 1020 1257 audacibus
1038 1167 1163 1254 ndnue
1183 1199 1273 1251 coe-

861 1321 945 1415 ptis,
1220 1318 1271 1392 40

249 1453 476 1550 Ignarosque
505 1447 587 1517 viae
614 1468 762 1519 mecum
788 1447 976 1524 miseratus
1007 1445 1174 1551 agrestiss

247 1579 465 1686 Ingredere,
497 1594 536 1652 et
562 1583 656 1652 votis
681 1583 755 1654 iam
776 1610 878 1662 nunc
898 1581 1065 1659 adsuesce
1085 1582 1224 1655 vocari.

273 1799 278 1806 ”
316 1789 351 1846 36
370 1786 422 1842 ffie
443 1782 525 1837 versut
544 1781 572 1836 in
593 1748 690 1839 Moiet.
710 1784 769 1857 post
788 1807 811 1841 ν.
832 1789 866 1843 38
884 1787 1024 1859 legebatur.
1068 1785 1194 1860 Quiquid
1219 1792 1273 1836 erit

248 1877 333 1936 Goth.
346 1893 385 1948 pr.
420 1869 473 1924 Sed
495 1869 642 1941 Quidquid
656 1878 710 1923 eris
727 1871 765 1925 est
781 1892 845 1945 pro,
875 1877 1006 1945 QuisquIr
1028 1874 1097 1927 deus
1113 1879 1175 1925 ertr.
1211 1880 1272 1922 iam

248 1981 277 2022 u
298 1960 374 2017 Pierii
395 1954 514 2025 Longob.
557 1974 608 2006 nec
627 1954 747 2026 sperant
766 1959 845 2012 Rom.
886 1979 922 2013 ne
937 1960 1059 2031 sperant
1078 1957 1173 2012 Medic.
1195 1974 1211 2007 ι
1230 1974 1267 2007 m·

247 2069 304 2123 pn,
331 2043 568 2099 rudimentum:
595 2059 647 2092 nec
657 2041 782 2110 sperent.
816 2063 875 2098 non
890 2046 1058 2117 respectent
1076 2061 1127 2096 rut
1143 2041 1184 2094 ed.
1199 2042 1269 2093 Veu.

239 2135 378 2207 spernent
401 2144 464 2180 vnut
487 2124 575 2180 Metd.
599 2141 627 2181 et
647 2125 689 2179 ed.
706 2126 829 2183 Norimb.
915 2131 949 2200 37
975 2144 1034 2183 tam
1053 2129 1148 2200 saeua
1165 2127 1269 2181 zulich.

175 2261 178 2268 .
250 2218 324 2273 dura
343 2211 426 2268 Goth.
441 2209 490 2263 sec.

247 2382 249 2387 '
289 2370 439 2447 36-39.
454 2363 607 2449 Exquisite
626 2373 739 2430 oratio·
778 2375 900 2432 ratione
923 2369 1104 2453 Proserpina
1128 2372 1225 2431 innita
1251 2389 1272 2431 a

183 2455 188 2471 ¹
247 2476 296 2541 nii
318 2466 517 2534 conuerfione
534 2473 674 2548 exprimit
694 2472 737 2530 vl·
779 2474 911 2534 Plutone
933 2477 1101 2556 retinetur;
1123 2489 1155 2534 et
1167 2493 1269 2534 corne·

203 2612 207 2621 ·
247 2563 358 2642 finium
372 2570 465 2632 illud:
502 2590 543 2630 nn
563 2572 666 2632 inseris
681 2573 737 2633 diis
778 2571 821 2636 sie
835 2576 906 2635 mali
921 2577 1028 2635 Punici
1042 2595 1137 2657 grane
1149 2574 1269 2635 hucvix

249 2669 378 2744 adscribi
392 2673 482 2734 velit:
504 2672 537 2732 id
551 2674 636 2755 quod
650 2695 737 2735 euer-
777 2677 884 2738 referri
898 2677 1030 2758 possunt.
1072 2675 1136 2739 Nisi
1155 2675 1194 2737 sre
1209 2699 1269 2758 po·

248 2784 328 2846 satur
348 2791 452 2861 poete.
508 2776 650 2860 Terram
671 2796 737 2836 orn-
779 2782 836 2839 tius
848 2794 942 2860 poeta
955 2780 1068 2840 dictum
1082 2777 1143 2840 esse
1154 2781 1269 2841 voluit:

248 2891 327 2950 nino
348 2901 406 2963 pro
428 2878 502 2939 locis
524 2877 627 2936 inseris
651 2877 737 2949 dixit,
776 2882 842 2942 Nec
850 2880 1028 2963 Proserpina
1043 2902 1138 2957 nunc,
1154 2880 1270 2944 etiamsi

126 3020 128 3023 -
245 2985 469 3068 nonproprie:
489 2975 636 3039 substituit
649 2978 737 3059 paul-
778 2998 918 3044 amatre
950 2999 1129 3057 reuocetur,
1164 2984 1268 3045 redire

244 3090 279 3152 lo
293 3084 361 3169 post
382 3103 504 3163 campos
519 3077 631 3164 Elysios
644 3083 677 3138 in
690 3083 736 3138 in-
777 3084 850 3144 inde
863 3085 951 3146 velit:
988 3084 1067 3145 adeo
1084 3101 1166 3145 emat
1180 3107 1267 3147 nunc

195 3207 200 3215 '
243 3193 381 3254 ferorum
395 3200 481 3266 parte
495 3180 575 3243 sitos.
608 3186 659 3246 58.
675 3179 736 3241 Etsi
775 3184 844 3246 loce
883 3186 991 3246 infera.
1063 3196 1116 3266 4¹·
1141 3209 1269 3248 mecum

241 3310 267 3354 ι
282 3293 407 3351 Graecis
424 3289 522 3368 poetis
537 3284 632 3343 multe
646 3302 735 3363 prae·
775 3288 946 3365 miseratur
983 3292 1077 3372 iunge
1117 3294 1269 3372 interpre-

240 3394 328 3455 'dere
343 3390 382 3450 de
402 3389 476 3448 locis
491 3386 613 3459 inseris,
634 3388 735 3444 nomi·
776 3389 887 3450 tendo:
922 3389 991 3463 seu,
1013 3411 1140 3450 mecum
1155 3394 1266 3470 ingre·

244 3510 303 3559 net
327 3511 412 3554 nunc
446 3508 578 3569 campos
602 3485 735 3566 Elyfins,
775 3489 866 3560 dere,
879 3496 992 3572 incipe,
1014 3490 1079 3557 iri
1102 3493 1175 3552 dum
1189 3492 1267 3553 mihi

245 3610 367 3660 narrate
380 3591 466 3665 sunt3
496 3591 611 3649 mirari
631 3586 673 3649 est
686 3608 736 3648 ce·
777 3594 860 3666 edes,
881 3594 975 3656 sanes.
1016 3594 1063 3654 Ita
1084 3594 1215 3674 ingredi
1235 3618 1265 3657 v.

245 3698 385 3768 lebrare,
406 3693 506 3752 multis
526 3689 626 3752 verbis
645 3709 736 3750 omn·
779 3719 804 3756 c.
826 3697 866 3769 11,
893 3705 952 3776 174
986 3695 1048 3755 tibi
1087 3717 1141 3756 res
1177 3702 1267 3758 anti·

238 3819 290 3864 το,
333 3796 624 3877 39.Nec-curet,
643 3792 732 3863 nolit,
776 3819 861 3881 quae
877 3797 986 3858 laudis
1001 3813 1035 3858 et
1053 3802 1138 3858 artis
1154 3802 1269 3879 Ingre-

242 3902 389 3968 noluerit.
419 3917 447 3955 v.
469 3896 571 3958 Burm.
626 3894 734 3954 Videri
776 3898 859 3962 dior.
905 3901 994 3962 Adde
1011 3902 1089 3962 Aen
1111 3902 1166 3975 1v,
1196 3925 1267 3984 ¹⁰7·

246 4002 347 4091 potest
357 3997 492 4061 fabulam
508 3997 546 4058 de
553 3997 733 4080 Proserpina
775 4003 857 4078 vm,
872 4006 944 4067 513.
963 4003 1099 4083 X1,704.
1131 4014 1183 4085 4²·
1198 4011 1269 4068 iam

246 4108 410 4188 respicere,
441 4122 521 4184 quae
540 4121 625 4162 nunc
644 4107 734 4184 igno·
774 4126 862 4164 mmo
875 4105 1034 4188 affirqsco,
1061 4122 1171 4189 vtpote
1191 4110 1270 4171 deus

202 4197 208 4205 ’
246 4227 339 4272 ratur.
380 4206 462 4266 Nam
482 4208 516 4267 in
536 4205 650 4287 vulgari
664 4224 734 4269 nar·
773 4208 899 4270 iuturus.
