2692 4914
136 327 210 404 366
335 317 378 390 P.
395 309 647 388 VIRGILII
677 314 719 385 M
730 314 948 393 ARONIS
1042 338 1045 347 ¹

134 509 297 594 Deserit,
339 519 452 601 atque
471 495 583 568 altam
608 496 716 600 supra
742 499 845 577 volat
873 503 996 580 ardea
1024 509 1173 586 unbem⁸

133 653 254 748 Saepe
293 644 404 716 etiarn
438 630 571 725 stellas,
617 654 731 707 vento
772 638 1031 735 inpendente,
1078 647 1174 721 vide.

754 765 811 841 bis
909 798 913 804 ·
968 792 972 799 ·
1104 781 1172 854 365

135 914 360 1011 Praecipites
387 903 495 986 coelo
523 901 617 993 labi,
667 906 868 1002 noctisque
897 931 973 1004 per
1008 912 1173 987 vmbmm

137 1050 384 1126 Flammarum
408 1042 540 1139 longos
568 1063 590 1109 a
616 1055 720 1136 tergo
747 1035 936 1113 albescere
964 1061 1110 1121 tractus
1117 1077 1127 1137 ;

137 1187 257 1282 Saepe
295 1178 419 1252 leuem
455 1172 600 1275 paleam
637 1189 675 1246 et
716 1171 870 1248 frondea
913 1177 1083 1256 volitare
1120 1208 1174 1256 ca·

724 1312 727 1316 ’
786 1305 912 1400 ducas,

206 1524 258 1594 364
275 1523 408 1579 Laudatur
426 1522 509 1578 versut
526 1540 541 1575 a
560 1521 659 1575 Seneca
679 1520 732 1591 Qu.
747 1517 812 1576 Nat.
826 1523 886 1586 vn,
902 1527 948 1580 28.
988 1530 1084 1584 altum
1104 1533 1171 1586 volta

138 1627 181 1669 tat
200 1612 290 1683 super
308 1611 471 1665 Zulicbom.'
489 1606 675 1678 altumsuper
692 1611 793 1661 auolat
807 1609 904 1663 More-t.
919 1630 1010 1684 quart.
1027 1632 1056 1670 et
1070 1618 1170 1672 Vmid,

130 1700 302 1773 superuolat
322 1697 454 1759 Parthas,
479 1694 546 1748 vnde
561 1694 647 1745 burm,
668 1694 738 1745 coni.
757 1694 847 1766 super
869 1699 980 1754 euolat.
1063 1704 1171 1758 3651*

138 1788 262 1859 pellente
284 1782 398 1837 Parthas.
413 1799 439 1837 et
458 1782 499 1835 ed.
516 1776 824 1841 incantamentum„
858 1783 975 1836 notabili
992 1781 1169 1841 abenationet

141 1869 287 1924 dummodo
310 1869 432 1922 codicum
454 1867 592 1921 auctoritas
607 1863 692 1936 aliqua
706 1861 775 1917 effer.
844 1868 894 1920 366
910 1886 965 1937 per
983 1872 1103 1924 vmbros
1117 1873 1170 1947 plu·

141 1974 181 2008 res
202 1955 282 2016 sone,
310 1949 787 2026 quamquamaBurm.nisnotatum
807 1948 852 2010 siu
892 1954 975 2005 eriam
996 1955 1087 2026 psum
1105 1957 1170 2028 apud

139 2042 246 2096 Martia.
269 2056 294 2092 et
313 2041 395 2093 Goth.
417 2058 470 2111 pr..
509 2037 595 2107 sicque
615 2034 713 2088 editum
737 2053 816 2107 usqua
842 2034 876 2088 ad
891 2037 1065 2094 *Commelira
1122 2042 1169 2095 Sed

141 2141 210 2180 recte
228 2128 281 2177 iam
300 2142 314 2176 a
334 2126 369 2177 G.
393 2123 508 2176 Fabricio
528 2121 719 2192 praeferebatur
738 2123 879 2182 umbram,
926 2125 1004 2195 quod
1026 2143 1054 2180 et
1074 2129 1167 2181 Mede.

138 2209 232 2270 habet,
264 2209 391 2280 Pieriique
411 2209 489 2261 Rom.
506 2223 532 2260 et
548 2206 645 2259 Medic.
728 2206 833 2271 3671ta
854 2207 924 2276 apud
946 2210 1043 2264 senec.
1064 2210 1102 2266 N.
1118 2215 1165 2282 Qu.

138 2295 159 2355 l.
177 2304 216 2359 14,
239 2309 265 2346 at
280 2295 335 2352 Vll.
351 2311 384 2345 20
408 2291 542 2344 laudatura
574 2292 687 2362 Longos
701 2309 719 2341 a
733 2305 811 2359 tergo
824 2291 1013 2360 flammarum
1028 2298 1166 2368 albescere

141 2392 253 2431 tractus.
288 2376 364 2448 Apud
378 2375 496 2429 Macrob.
515 2375 569 2429 Sat.
586 2376 631 2440 vt,
654 2391 681 2428 rt
715 2378 861 2429 inuoluere
881 2391 999 2432 tractus.
1019 2381 1104 2436 Male.

138 2586 217 2650 gere
231 2547 463 2626 me'morauerat.
491 2565 633 2627 Tandem
675 2587 703 2624 v.
722 2566 791 2627 loca
812 2567 893 2647 apud
916 2567 1063 2630 Cerdam.
1107 2572 1166 2631 No·

139 2692 168 2731 v.
184 2673 248 2747 364
277 2689 345 2728 cum
366 2671 460 2728 Arato
485 2673 633 2728 conuenit
674 2666 734 2729 siro
775 2669 845 2730 loco
884 2673 967 2729 inter
1004 2673 1164 2735 diosemeia

138 2771 258 2836 noster:
288 2771 449 2850 Κινυμένου
462 2792 496 2832 τε
513 2764 633 2833 &dieo-
675 2770 760 2843 sunt,
785 2785 815 2829 at
831 2775 912 2830 inter
925 2779 1033 2836 omina
1052 2792 1083 2837 et
1100 2799 1165 2860 pro·

139 2900 197 2941 σαν
217 2867 424 2960 ὁπερφορέοιτ’
444 2869 559 2948 ἀνέμοιο
578 2894 632 2930 ar·
675 2873 754 2954 digia
773 2874 850 2932 Aen.
873 2873 911 2945 11,
928 2879 1003 2955 693.
1040 2880 1080 2954 V,
1097 2884 1164 2959 527.

139 2978 227 3040 dea:
248 2993 281 3037 et
297 2991 385 3036 moto
402 2990 501 3035 vento
513 2976 631 3057 snper·
673 2976 745 3036 366.
762 2974 818 3038 Tos
856 2968 887 3038 δ’
928 2966 1044 3042 ’ὄπιθεν
1088 2978 1166 3064 souti

139 3082 233 3141 volae
259 3102 368 3147 mare:
416 3078 476 3139 hoc
502 3099 630 3138 exorna·
671 3073 950 3140 ὑπολευκαίνωνται.
1014 3084 1099 3142 Arar.
1127 3081 1165 3142 ib.

139 3189 200 3244 vit:
235 3198 394 3264 notasque
410 3180 629 3261 pauidesDe-
672 3177 930 3255 Lucrct.11,143
965 3180 1164 3242 Nocturnae

131 3286 219 3363 serit
253 3298 353 3364 atque
387 3284 492 3352 altam
522 3284 632 3365 snpra
673 3298 737 3359 quo
770 3278 869 3357 sacer
901 3281 988 3340 caeli
1023 3284 1165 3361 sublima

138 3386 232 3446 volat
245 3384 371 3445 nubem.
387 3385 504 3444 Etiam:
523 3383 632 3469 Quod·
670 3380 823 3439 volantes
835 3383 954 3442 Nonne
978 3385 1076 3445 vides
1097 3387 1165 3446 lon·

141 3506 205 3570 qne
218 3483 299 3562 arasa
312 3486 427 3545 volare
442 3485 560 3546 Ardea
570 3488 630 3564 sn-
668 3503 729 3563 gos
772 3483 991 3563 flammarum
1045 3487 1164 3547 ducere

138 3589 247 3648 blimis
268 3609 401 3668 pennae
430 3588 552 3666 confisa
570 3611 630 3648 na·
670 3601 814 3654 tractus,
853 3609 948 3670 quern
974 3589 1080 3650 locum
1100 3592 1165 3650 Mn·

141 3694 228 3752 tanti
240 3693 353 3754 Lucan.
368 3692 408 3767 V,
426 3694 496 3754 555.
513 3693 586 3770 554.
670 3687 823 3762 crob.VI,
843 3711 869 3763 1,
889 3712 920 3770 p.
939 3695 1003 3772 574
1040 3691 1164 3752 Maroni

669 3788 850 3874 praeluxisse
879 3797 962 3874 ait..
989 3793 1165 3872 albescere,

180 3895 254 3962 365.
271 3895 412 3956 Exarao
426 3893 467 3956 ib.
481 3917 509 3956 v.
522 3903 629 3976 194-
669 3893 857 3968 elucescere,
878 3896 1049 3979 elegantius
1071 3909 1165 3979 quam

141 4020 212 4066 aoo.
229 4002 309 4062 cons.
324 4001 437 4059 Lucan.
460 4000 500 4070 V,
515 4003 629 4062 561-
671 3992 815 4070 existere,
852 3993 921 4058 else.
995 4000 1066 4063 568,
1092 3999 1164 4062 vta

140 4110 212 4186 564.
247 4105 325 4167 Plin.
346 4101 460 4174 xv111,
477 4105 528 4171 55,
543 4099 561 4159 s.
579 4104 628 4163 80.
671 4099 754 4158 Aret.
771 4096 811 4156 ib.
827 4118 855 4160 v.
874 4119 1061 4182 190-192.
1082 4101 1162 4162 Pliu.

139 4210 190 4272 De
210 4208 256 4272 hie
284 4203 448 4291 ἆγορῤοίαις
479 4201 630 4265 stellarum
670 4198 816 4265 tutte
868 4237 869 4240 =
