2692 4914
271 306 619 383 ouoaoteort
642 260 745 382 aru
765 307 1046 409 raca-272·
1122 310 1194 396 att

166 499 320 596 Quippe
342 496 453 566 etiam
476 490 573 567 sestis
602 494 785 595 quaedam
814 520 989 572 exercere
1016 494 1148 574 diebus

164 637 231 706 Fas
260 646 298 703 et
321 633 403 700 iura
427 624 566 700 linunt:
609 631 711 701 riuos
733 626 922 705 deducere
944 632 1047 706 nulla

163 764 309 861 Religio
334 767 466 852 vetuit,
499 759 611 860 segeti
628 761 874 861 praetendere
896 764 1054 865 saepem,
1121 793 1197 868 270

162 896 314 971 Insidias
337 894 468 968 auibus
497 894 637 985 moliri,
671 897 875 971 incendere
899 924 1043 999 vepres,

162 1033 433 1131 Balantumque
459 1053 610 1128 gregem
629 1027 746 1102 fluuio
766 1029 925 1108 mersare
950 1032 1096 1109 salubri.

230 1235 281 1304 269
300 1230 434 1285 diducere
453 1227 550 1282 Medic.
565 1246 605 1300 pr.
620 1228 716 1283 Moret.
731 1228 790 1282 Ala.
810 1237 877 1300 (ρης
902 1249 966 1284 nam
983 1231 1033 1285 sec.
1052 1231 1195 1290 deducere
1276 1259 1279 1263 ·

160 1320 277 1390 recepit)
296 1334 322 1370 et
342 1317 408 1369 sorte
427 1315 547 1374 Seruius,
568 1314 612 1386 qui
624 1311 737 1382 ficcare
755 1313 945 1385 interpretetur.
988 1316 1035 1372 Est
1054 1334 1080 1372 et
1099 1321 1126 1372 iu
1141 1321 1196 1375 Cu·
1241 1325 1243 1329 ’

160 1403 297 1474 ningham.
314 1402 376 1454 edit.
444 1415 495 1467 270
508 1400 619 1470 Rellgr'o
638 1398 772 1468 prohihet
784 1397 841 1453 Vrs.
866 1399 968 1470 sepem
981 1403 1059 1456 σιίυιι
1074 1404 1118 1457 hic
1133 1405 1192 1460 ,liii

159 1488 213 1540 vid.
233 1486 267 1539 ad
286 1485 342 1540 Ect
362 1486 383 1545 I,
403 1486 446 1551 64.
484 1483 571 1552 sepes
590 1484 682 1553 fragm.
701 1483 798 1537 Mutet.
883 1502 935 1555 272
953 1505 1054 1562 greges
1072 1491 1193 1548 Macrob,
1251 1515 1254 1521 -

160 1574 217 1626 Sat.
235 1574 280 1633 111,
295 1573 320 1626 3.
355 1569 468 1639 versare
487 1567 606 1632 zulich„
625 1565 702 1620 male.

207 1734 411 1812 268-275.
444 1733 519 1792 Non
543 1735 655 1792 mirum
695 1728 785 1791 sentit
800 1729 921 1793 Colum.
937 1731 977 1805 11,
995 1754 1045 1805 22,
1062 1737 1091 1799 3.
1135 1738 1193 1798 fli-

160 1835 204 1899 est
211 1880 221 1910 ,
257 1833 400 1896 rusticum
428 1835 531 1917 aliqua
552 1834 654 1894 facere
694 1851 774 1890 vum
797 1846 900 1893 tamen
915 1831 1050 1894 deducit
1070 1857 1107 1897 ac
1127 1835 1191 1897 du·

160 1939 277 2001 debere
290 1958 347 2018 per
360 1938 491 2018 pluuias,
511 1958 580 1997 cum
596 1934 655 1997 sint
696 1937 742 1994 cit
769 1939 898 1996 omnino
918 1942 960 2012 is,
999 1941 1053 2022 qui
1075 1939 1199 2022 aquam'

159 2062 241 2124 quae
255 2041 355 2101 lacere
368 2037 458 2120 poffit
473 2036 654 2099 etiamseslis
696 2057 734 2097 ex
759 2041 829 2098 rino
858 2039 908 2099 vel
927 2039 996 2098 lacu
1018 2060 1075 2120 per
1098 2057 1188 2122 prata

159 2142 286 2203 diebus:
322 2142 359 2205 cs.
385 2143 472 2203 Seru.
492 2142 561 2201 add.
582 2143 653 2201 Mo·
695 2140 849 2223 irriganda
872 2140 964 2201 ducit.
1016 2142 1102 2201 Satis
1119 2142 1191 2222 stu.

158 2260 217 2306 ret.
240 2247 281 2323 67
295 2242 337 2325 sq.
379 2244 507 2316 Locum,
534 2247 586 2326 qui
610 2242 653 2304 se·
694 2244 786 2300 viram
805 2240 932 2303 indrtcit
959 2245 1114 2326 riuosque
1130 2246 1189 2325 se·

160 2350 275 2429 quitur,
305 2345 421 2419 laudat,
448 2360 480 2407 et
502 2342 653 2426 copiosius
695 2359 830 2426 quentes
853 2345 942 2426 supra
963 2367 993 2406 v.
1018 2351 1077 2411 106
1107 2349 1190 2413 dixe.

158 2470 228 2509 reru
249 2447 443 2529 prosequitur
462 2447 583 2509 Colum.
605 2447 651 2519 11,
693 2463 750 2507 rat.
776 2446 1080 2511 Deducicurtamen
1093 2455 1189 2512 etiam

161 2573 214 2624 aa,
236 2572 261 2611 1.
279 2565 311 2611 et
324 2549 380 2623 XI,
408 2571 434 2623 1,
458 2571 507 2611 ao.
553 2550 653 2633 Quip-
692 2554 776 2610 riuus
795 2549 858 2612 stuc
880 2571 975 2633 aqua,
1019 2572 1090 2611 cum
1112 2550 1190 2614 solla

155 2673 201 2734 pe
227 2655 347 2710 etiam:
388 2671 472 2712 noua
509 2657 651 2714 transitus
694 2650 870 2712 exsiccatur:
900 2666 933 2710 vt
954 2651 1107 2713 collectus
1127 2655 1190 2714 lcu-

157 2756 308 2823 sormnlrr:
347 2753 512 2835 utquid?
553 2752 650 2836 quod.
693 2775 766 2812 mor
780 2753 868 2834 supra
881 2774 909 2818 v.
930 2763 999 2831 114,
1025 2756 1098 2814 dum
1111 2757 1189 2817 edu·

160 2860 233 2936 269.
255 2857 318 2914 Fas
333 2859 467 2925 eciura,
495 2855 524 2919 h.
547 2857 651 2916 diuina
693 2859 772 2913 citur
796 2870 826 2915 et
867 2859 1024 2916 emittitur.
1080 2857 1125 2916 Vt
1152 2862 1188 2920 in

159 2957 353 3040 humanaque
366 2960 442 3031 iura,
465 2974 497 3018 vt
510 2963 570 3018 iam
583 2962 652 3019 Ser·
691 2956 873 3017 sententiam
896 2957 1048 3017 Macrobii
1071 2959 1188 3020 dictum

158 3064 367 3119 viusmonuit.
413 3064 482 3140 269.
496 3082 566 3141 270.
581 3061 652 3118 nul·
691 3057 747 3130 sit,
794 3058 833 3118 de
862 3079 941 3142 aqua
972 3062 1186 3141 cogitandum,

158 3162 195 3219 Ia
216 3161 345 3238 religio,
364 3160 394 3221 h.
412 3163 514 3222 nullus
534 3161 652 3243 respec-
693 3181 774 3244 quae
793 3176 826 3221 vt
842 3182 900 3242 per
915 3177 1037 3242 pratum
1057 3162 1190 3223 deduca-

158 3279 210 3323 tus
236 3263 364 3324 deorum
370 3307 380 3335 ,
418 3265 520 3324 nullus
553 3281 651 3323 metus
694 3277 744 3323 tur
750 3306 761 3338 ,
805 3284 847 3324 ne
872 3266 922 3323 via
955 3264 1188 3344 praecludatur,

157 3366 321 3446 peccandi,
344 3368 463 3433 vetitit,
488 3381 591 3428 vetare
605 3367 652 3428 so-
692 3365 829 3426 sordibus
846 3367 1006 3450 purganda
1023 3363 1076 3428 esl.
1106 3367 1189 3432 cons.

156 3469 214 3540 let,
237 3484 329 3540 vetat,
351 3484 385 3528 vt
401 3468 488 3547 saepe
511 3472 572 3528 iam
591 3469 652 3529 sac·
693 3469 779 3528 Sem.
795 3470 834 3529 ad
849 3490 922 3549 272.
973 3490 1044 3548 270.
1065 3469 1188 3552 Quam·

156 3585 225 3628 tum
240 3570 379 3634 vidimus.
425 3569 523 3654 Quod
540 3587 652 3630 autem
694 3591 793 3653 quam
808 3572 984 3652 Pontifices
1000 3586 1121 3648 negent
1130 3572 1188 3649 se·

155 3676 209 3730 ait
237 3672 408 3747 deducere,
451 3673 536 3732 niltil
559 3673 654 3735 aliud
679 3686 798 3750 ¹gatem
811 3673 913 3752 feriis
929 3675 1038 3756 sepiri
1055 3672 1187 3742 debere,

156 3773 214 3851 est,
241 3796 341 3856 quam
357 3774 546 3855 deterger05
574 3797 651 3836 nam
694 3777 865 3836 Columella
885 3776 945 3839 tl.
1009 3795 1081 3855 271.
1108 3773 1188 3852 Inst-

146 3876 247 3956 festt's
272 3875 389 3938 diebus
414 3881 505 3939 riuos
526 3895 651 3939 ueteres
693 3877 767 3938 dtas
782 3878 901 3938 auibus
923 3876 1051 3943 moliri:
1083 3891 1116 3937 vt
1136 3898 1186 3938 re-

143 3976 346 4054 sordidatcs
371 3979 541 4061 detergere
564 3984 649 4057 licet,
692 3982 781 4063 liquis
805 3981 1042 4041 consentaneum
1065 3975 1118 4051 fit,
1145 3977 1187 4038 de

154 4103 261 4142 nouos
293 4084 414 4163 facere
453 4106 521 4145 non
556 4085 649 4158 licet,
693 4083 798 4144 auibus
827 4082 1042 4166 praedantibus
1069 4094 1102 4141 et
1127 4098 1186 4139 no-

153 4185 295 4246 Macrob.
318 4188 381 4248 Sat.
402 4186 464 4262 Ill,
487 4190 518 4252 ὅ.
567 4188 652 4249 Cou-
692 4191 765 4249 ciuis
784 4187 930 4271 intellige.
981 4203 1052 4263 272.
1069 4179 1182 4259 fluuio
