<?xml version="1.0" encoding="UTF-8"?>
<!DOCTYPE html PUBLIC "-//W3C//DTD XHTML 1.0 Transitional//EN"
    "http://www.w3.org/TR/xhtml1/DTD/xhtml1-transitional.dtd">
<html xmlns="http://www.w3.org/1999/xhtml" xml:lang="en" lang="en">
 <head>
  <title>
</title>
<meta http-equiv="Content-Type" content="text/html;charset=utf-8" />
  <meta name='ocr-system' content='tesseract 3.04.00' />
  <meta name='ocr-capabilities' content='ocr_page ocr_carea ocr_par ocr_line ocrx_word'/>
</head>
<body>
  <div class='ocr_page' id='page_1' title='image "./pvirgilivsmarov00virggoog_0723.png"; bbox 0 0 2692 4914; ppageno 0'>
   <div class='ocr_carea' id='block_1_1' title="bbox 143 319 1026 416">
    <p class='ocr_par' dir='ltr' id='par_1_1' title="bbox 143 319 1026 416">
     <span class='ocr_line' id='line_1_1' title="bbox 143 319 1026 416; baseline 0.019 -28"><span class='ocrx_word' id='word_1_1' title='bbox 143 330 219 416; x_wconf 76' lang='lat' dir='ltr'><strong>ata</strong></span> <span class='ocrx_word' id='word_1_2' title='bbox 373 319 1026 404; x_wconf 80' lang='lat' dir='ltr'><strong>P.v11tG1L11MAttonts</strong></span> 
     </span>
    </p>
   </div>
   <div class='ocr_carea' id='block_1_2' title="bbox 144 505 1195 755">
    <p class='ocr_par' dir='ltr' id='par_1_2' title="bbox 144 505 1195 755">
     <span class='ocr_line' id='line_1_2' title="bbox 144 505 1066 611; baseline -0.005 -16"><span class='ocrx_word' id='word_1_3' title='bbox 144 509 379 596; x_wconf 76' lang='lat' dir='ltr'><strong>Admiranda</strong></span> <span class='ocrx_word' id='word_1_4' title='bbox 400 510 470 585; x_wconf 88' lang='lat' dir='ltr'><strong>tibi</strong></span> <span class='ocrx_word' id='word_1_5' title='bbox 494 509 639 585; x_wconf 91' lang='lat' dir='ltr'><strong>leuium</strong></span> <span class='ocrx_word' id='word_1_6' title='bbox 661 505 898 611; x_wconf 86' lang='lat' dir='ltr'><strong>spectacula</strong></span> <span class='ocrx_word' id='word_1_7' title='bbox 922 541 1066 609; x_wconf 89' lang='lat' dir='ltr'><strong>rerum,</strong></span> 
     </span>
     <span class='ocr_line' id='line_1_3' title="bbox 144 645 1195 755; baseline -0.002 -31"><span class='ocrx_word' id='word_1_8' title='bbox 144 652 489 755; x_wconf 85' lang='lat' dir='ltr'><strong>Magnanimosque</strong></span> <span class='ocrx_word' id='word_1_9' title='bbox 511 645 646 739; x_wconf 85' lang='lat' dir='ltr'><strong>duces,</strong></span> <span class='ocrx_word' id='word_1_10' title='bbox 692 652 914 752; x_wconf 84' lang='lat' dir='ltr'><strong>totiusque</strong></span> <span class='ocrx_word' id='word_1_11' title='bbox 944 650 1082 728; x_wconf 85' lang='lat' dir='ltr'><strong>ordine</strong></span> <span class='ocrx_word' id='word_1_12' title='bbox 1106 656 1195 752; x_wconf 80' lang='lat' dir='ltr'><strong>gentis</strong></span> 
     </span>
    </p>
   </div>
   <div class='ocr_carea' id='block_1_3' title="bbox 146 847 1195 1352">
    <p class='ocr_par' dir='ltr' id='par_1_3' title="bbox 146 847 1195 1352">
     <span class='ocr_line' id='line_1_4' title="bbox 215 847 1195 923; baseline -0.001 -15"><span class='ocrx_word' id='word_1_13' title='bbox 215 850 392 912; x_wconf 60' lang='lat' dir='ltr'><strong>§miracula</strong></span> <span class='ocrx_word' id='word_1_14' title='bbox 406 867 501 902; x_wconf 80' lang='lat' dir='ltr'><strong>rerum</strong></span> <span class='ocrx_word' id='word_1_15' title='bbox 513 847 579 904; x_wconf 78' lang='lat' dir='ltr'><strong>alter</strong></span> <span class='ocrx_word' id='word_1_16' title='bbox 590 849 708 913; x_wconf 70' lang='lat' dir='ltr'><strong>Morsu,</strong></span> <span class='ocrx_word' id='word_1_17' title='bbox 729 848 808 905; x_wconf 82' lang='lat' dir='ltr'><strong>sorte</strong></span> <span class='ocrx_word' id='word_1_18' title='bbox 822 869 858 906; x_wconf 83' lang='lat' dir='ltr'><strong>ex</strong></span> <span class='ocrx_word' id='word_1_19' title='bbox 874 871 901 906; x_wconf 77' lang='lat' dir='ltr'><strong>v.</strong></span> <span class='ocrx_word' id='word_1_20' title='bbox 916 862 985 922; x_wconf 74' lang='lat'><strong>44¹·</strong></span> <span class='ocrx_word' id='word_1_21' title='bbox 1054 864 1072 923; x_wconf 74' lang='lat'><strong>4</strong></span> <span class='ocrx_word' id='word_1_22' title='bbox 1087 861 1195 922; x_wconf 64' lang='lat' dir='ltr'><strong>cosman</strong></span> 
     </span>
     <span class='ocr_line' id='line_1_5' title="bbox 150 933 1194 1008; baseline -0.007 -11"><span class='ocrx_word' id='word_1_23' title='bbox 150 962 188 998; x_wconf 73' lang='lat' dir='ltr'><strong>ex</strong></span> <span class='ocrx_word' id='word_1_24' title='bbox 208 939 314 994; x_wconf 77' lang='lat' dir='ltr'><strong>ordine</strong></span> <span class='ocrx_word' id='word_1_25' title='bbox 338 936 446 1008; x_wconf 86' lang='lat' dir='ltr'>plurimi</span> <span class='ocrx_word' id='word_1_26' title='bbox 466 933 583 996; x_wconf 79' lang='lat' dir='ltr'><strong>hebent,</strong></span> <span class='ocrx_word' id='word_1_27' title='bbox 617 933 708 1008; x_wconf 82' lang='lat' dir='ltr'><strong>scripti</strong></span> <span class='ocrx_word' id='word_1_28' title='bbox 728 951 757 990; x_wconf 83' lang='lat' dir='ltr'><strong>at</strong></span> <span class='ocrx_word' id='word_1_29' title='bbox 779 938 873 1001; x_wconf 85' lang='lat' dir='ltr'><strong>editi,</strong></span> <span class='ocrx_word' id='word_1_30' title='bbox 910 941 1001 993; x_wconf 82' lang='lat' dir='ltr'><strong>etiam</strong></span> <span class='ocrx_word' id='word_1_31' title='bbox 1018 939 1113 996; x_wconf 81' lang='lat' dir='ltr'><strong>Medic.</strong></span> <span class='ocrx_word' id='word_1_32' title='bbox 1145 940 1194 992; x_wconf 77' lang='lat' dir='ltr'><strong>‘sm</strong></span> 
     </span>
     <span class='ocr_line' id='line_1_6' title="bbox 147 1020 1195 1103; baseline -0.002 -25"><span class='ocrx_word' id='word_1_33' title='bbox 147 1045 246 1103; x_wconf 79' lang='lat' dir='ltr'><strong>parum</strong></span> <span class='ocrx_word' id='word_1_34' title='bbox 268 1021 369 1098; x_wconf 86' lang='lat' dir='ltr'><strong>peritos</strong></span> <span class='ocrx_word' id='word_1_35' title='bbox 397 1021 435 1074; x_wconf 87' lang='lat' dir='ltr'><strong>rei</strong></span> <span class='ocrx_word' id='word_1_36' title='bbox 460 1021 585 1075; x_wconf 83' lang='lat' dir='ltr'><strong>metticae</strong></span> <span class='ocrx_word' id='word_1_37' title='bbox 607 1022 666 1093; x_wconf 85' lang='lat' dir='ltr'><strong>quis</strong></span> <span class='ocrx_word' id='word_1_38' title='bbox 694 1020 793 1077; x_wconf 80' lang='lat' dir='ltr'><strong>credat</strong></span> <span class='ocrx_word' id='word_1_39' title='bbox 817 1027 1024 1096; x_wconf 71' lang='lat' dir='ltr'><strong>grammaticos</strong></span> <span class='ocrx_word' id='word_1_40' title='bbox 1047 1043 1073 1080; x_wconf 80' lang='lat' dir='ltr'><strong>et</strong></span> <span class='ocrx_word' id='word_1_41' title='bbox 1090 1022 1195 1079; x_wconf 71' lang='lat' dir='ltr'><strong>libratim?</strong></span> 
     </span>
     <span class='ocr_line' id='line_1_7' title="bbox 147 1105 1194 1183; baseline -0.003 -14"><span class='ocrx_word' id='word_1_42' title='bbox 147 1117 184 1169; x_wconf 78' lang='lat' dir='ltr'><strong>At</strong></span> <span class='ocrx_word' id='word_1_43' title='bbox 204 1127 275 1165; x_wconf 83' lang='lat' dir='ltr'><strong>recte</strong></span> <span class='ocrx_word' id='word_1_44' title='bbox 292 1106 423 1183; x_wconf 80' lang='lat' dir='ltr'><strong>particula</strong></span> <span class='ocrx_word' id='word_1_45' title='bbox 442 1109 528 1162; x_wconf 79' lang='lat' dir='ltr'><strong>inetro</strong></span> <span class='ocrx_word' id='word_1_46' title='bbox 548 1107 657 1160; x_wconf 79' lang='lat' dir='ltr'><strong>inimice</strong></span> <span class='ocrx_word' id='word_1_47' title='bbox 676 1105 781 1162; x_wconf 78' lang='lat' dir='ltr'><strong>exsulat</strong></span> <span class='ocrx_word' id='word_1_48' title='bbox 805 1128 844 1164; x_wconf 82' lang='lat' dir='ltr'><strong>ex</strong></span> <span class='ocrx_word' id='word_1_49' title='bbox 865 1111 957 1165; x_wconf 85' lang='lat' dir='ltr'><strong>Rom.</strong></span> <span class='ocrx_word' id='word_1_50' title='bbox 988 1128 1016 1167; x_wconf 83' lang='lat' dir='ltr'><strong>et</strong></span> <span class='ocrx_word' id='word_1_51' title='bbox 1035 1111 1090 1165; x_wconf 77' lang='lat' dir='ltr'><strong>aliia</strong></span> <span class='ocrx_word' id='word_1_52' title='bbox 1109 1108 1194 1166; x_wconf 62' lang='grc' dir='ltr'><strong>ὠό-</strong></span> 
     </span>
     <span class='ocr_line' id='line_1_8' title="bbox 148 1192 1194 1268; baseline -0.005 -16"><span class='ocrx_word' id='word_1_53' title='bbox 148 1197 208 1253; x_wconf 82' lang='lat' dir='ltr'><strong>bus.</strong></span> <span class='ocrx_word' id='word_1_54' title='bbox 245 1193 350 1251; x_wconf 77' lang='lat' dir='ltr'><strong>Medati</strong></span> <span class='ocrx_word' id='word_1_55' title='bbox 367 1192 451 1248; x_wconf 87' lang='lat' dir='ltr'><strong>voluit</strong></span> <span class='ocrx_word' id='word_1_56' title='bbox 468 1193 533 1247; x_wconf 81' lang='lat' dir='ltr'><strong>vitio</strong></span> <span class='ocrx_word' id='word_1_57' title='bbox 556 1208 641 1266; x_wconf 85' lang='lat' dir='ltr'><strong>quart.</strong></span> <span class='ocrx_word' id='word_1_58' title='bbox 661 1192 764 1248; x_wconf 85' lang='lat' dir='ltr'><strong>Moret.</strong></span> <span class='ocrx_word' id='word_1_59' title='bbox 788 1209 940 1268; x_wconf 72' lang='lat' dir='ltr'><strong>totasque</strong></span> <span class='ocrx_word' id='word_1_60' title='bbox 962 1219 1003 1251; x_wconf 67' lang='lat' dir='ltr'><strong>et</strong></span> <span class='ocrx_word' id='word_1_61' title='bbox 1027 1198 1136 1262; x_wconf 71' lang='lat' dir='ltr'><strong>ordine,</strong></span> <span class='ocrx_word' id='word_1_62' title='bbox 1156 1196 1194 1248; x_wconf 76' lang='lat' dir='ltr'><strong>le</strong></span> 
     </span>
     <span class='ocr_line' id='line_1_9' title="bbox 146 1278 578 1352; baseline -0.014 -14"><span class='ocrx_word' id='word_1_63' title='bbox 146 1299 241 1339; x_wconf 80' lang='lat' dir='ltr'><strong>uetus:</strong></span> <span class='ocrx_word' id='word_1_64' title='bbox 277 1286 387 1352; x_wconf 68' lang='lat' dir='ltr'><strong>totique</strong></span> <span class='ocrx_word' id='word_1_65' title='bbox 406 1299 444 1333; x_wconf 68' lang='lat' dir='ltr'><strong>aa·</strong></span> <span class='ocrx_word' id='word_1_66' title='bbox 466 1278 578 1332; x_wconf 77' lang='lat' dir='ltr'><strong>ordine.</strong></span> 
     </span>
    </p>
   </div>
   <div class='ocr_carea' id='block_1_4' title="bbox 148 1450 1231 4314">
    <p class='ocr_par' dir='ltr' id='par_1_4' title="bbox 148 1450 1231 4314">
     <span class='ocr_line' id='line_1_10' title="bbox 150 1450 1193 1538; baseline -0.001 -20"><span class='ocrx_word' id='word_1_67' title='bbox 150 1453 333 1527; x_wconf 77' lang='lat' dir='ltr'><strong>attendant,</strong></span> <span class='ocrx_word' id='word_1_68' title='bbox 367 1452 505 1534; x_wconf 90' lang='lat' dir='ltr'><strong>primum</strong></span> <span class='ocrx_word' id='word_1_69' title='bbox 527 1450 567 1512; x_wconf 92' lang='lat' dir='ltr'><strong>ad</strong></span> <span class='ocrx_word' id='word_1_70' title='bbox 583 1453 657 1511; x_wconf 84' lang='lat' dir='ltr'><strong>arti·</strong></span> <span class='ocrx_word' id='word_1_71' title='bbox 697 1451 963 1536; x_wconf 78' lang='lat' dir='ltr'><strong>intelligentiam</strong></span> <span class='ocrx_word' id='word_1_72' title='bbox 991 1455 1095 1517; x_wconf 87' lang='lat' dir='ltr'><strong>nescio</strong></span> <span class='ocrx_word' id='word_1_73' title='bbox 1126 1473 1193 1538; x_wconf 84' lang='lat' dir='ltr'><strong>qum</strong></span> 
     </span>
     <span class='ocr_line' id='line_1_11' title="bbox 151 1548 1193 1640; baseline -0.003 -20"><span class='ocrx_word' id='word_1_74' title='bbox 151 1558 257 1621; x_wconf 83' lang='lat' dir='ltr'><strong>ficium</strong></span> <span class='ocrx_word' id='word_1_75' title='bbox 272 1576 340 1618; x_wconf 87' lang='lat' dir='ltr'><strong>rem</strong></span> <span class='ocrx_word' id='word_1_76' title='bbox 354 1567 482 1616; x_wconf 89' lang='lat' dir='ltr'><strong>tenuem</strong></span> <span class='ocrx_word' id='word_1_77' title='bbox 498 1567 530 1613; x_wconf 92' lang='lat' dir='ltr'><strong>et</strong></span> <span class='ocrx_word' id='word_1_78' title='bbox 543 1553 656 1615; x_wconf 84' lang='lat' dir='ltr'><strong>exilem</strong></span> <span class='ocrx_word' id='word_1_79' title='bbox 698 1569 732 1615; x_wconf 91' lang='lat' dir='ltr'><strong>et</strong></span> <span class='ocrx_word' id='word_1_80' title='bbox 756 1552 943 1619; x_wconf 77' lang='lat' dir='ltr'><strong>sollertiam</strong></span> <span class='ocrx_word' id='word_1_81' title='bbox 967 1548 1066 1640; x_wconf 86' lang='lat' dir='ltr'><strong>apum</strong></span> <span class='ocrx_word' id='word_1_82' title='bbox 1093 1559 1193 1640; x_wconf 76' lang='lat' dir='ltr'><strong>ingeniis</strong></span> 
     </span>
     <span class='ocr_line' id='line_1_12' title="bbox 151 1655 1193 1751; baseline -0.007 -28"><span class='ocrx_word' id='word_1_83' title='bbox 151 1659 339 1745; x_wconf 78' lang='lat' dir='ltr'><strong>imaginibus</strong></span> <span class='ocrx_word' id='word_1_84' title='bbox 362 1679 432 1719; x_wconf 91' lang='lat' dir='ltr'><strong>cum</strong></span> <span class='ocrx_word' id='word_1_85' title='bbox 451 1658 657 1751; x_wconf 77' lang='lat' dir='ltr'><strong>gratisetiu·</strong></span> <span class='ocrx_word' id='word_1_86' title='bbox 698 1655 872 1733; x_wconf 84' lang='lat' dir='ltr'><strong>tribuunt,</strong></span> <span class='ocrx_word' id='word_1_87' title='bbox 919 1682 1062 1746; x_wconf 85' lang='lat' dir='ltr'><strong>eamque</strong></span> <span class='ocrx_word' id='word_1_88' title='bbox 1092 1658 1193 1720; x_wconf 77' lang='lat' dir='ltr'><strong>mirificis</strong></span> 
     </span>
     <span class='ocr_line' id='line_1_13' title="bbox 155 1760 1192 1842; baseline -0.007 -15"><span class='ocrx_word' id='word_1_89' title='bbox 155 1764 285 1839; x_wconf 72' lang='lat' dir='ltr'><strong>cundia,</strong></span> <span class='ocrx_word' id='word_1_90' title='bbox 329 1776 396 1823; x_wconf 90' lang='lat' dir='ltr'><strong>tum</strong></span> <span class='ocrx_word' id='word_1_91' title='bbox 429 1760 593 1842; x_wconf 85' lang='lat' dir='ltr'><strong>praeclaris</strong></span> <span class='ocrx_word' id='word_1_92' title='bbox 623 1772 657 1819; x_wconf 93' lang='lat' dir='ltr'><strong>et</strong></span> <span class='ocrx_word' id='word_1_93' title='bbox 696 1779 804 1818; x_wconf 83' lang='lat' dir='ltr'><strong>rerum</strong></span> <span class='ocrx_word' id='word_1_94' title='bbox 826 1764 1000 1825; x_wconf 78' lang='lat' dir='ltr'><strong>miraculis</strong></span> <span class='ocrx_word' id='word_1_95' title='bbox 1023 1776 1192 1825; x_wconf 79' lang='lat' dir='ltr'><strong>exornantet</strong></span> 
     </span>
     <span class='ocr_line' id='line_1_14' title="bbox 156 1853 1192 1952; baseline -0.004 -24"><span class='ocrx_word' id='word_1_96' title='bbox 156 1865 347 1952; x_wconf 78' lang='lat' dir='ltr'><strong>magnificis,</strong></span> <span class='ocrx_word' id='word_1_97' title='bbox 386 1861 450 1925; x_wconf 85' lang='lat' dir='ltr'><strong>stne</strong></span> <span class='ocrx_word' id='word_1_98' title='bbox 474 1866 584 1944; x_wconf 89' lang='lat' dir='ltr'><strong>inepto</strong></span> <span class='ocrx_word' id='word_1_99' title='bbox 612 1853 656 1921; x_wconf 81' lang='lat' dir='ltr'><strong>ta.</strong></span> <span class='ocrx_word' id='word_1_100' title='bbox 698 1880 781 1944; x_wconf 85' lang='lat' dir='ltr'><strong>quae</strong></span> <span class='ocrx_word' id='word_1_101' title='bbox 798 1861 883 1923; x_wconf 88' lang='lat' dir='ltr'><strong>illae</strong></span> <span class='ocrx_word' id='word_1_102' title='bbox 899 1867 1034 1928; x_wconf 89' lang='lat' dir='ltr'><strong>occulto</strong></span> <span class='ocrx_word' id='word_1_103' title='bbox 1050 1868 1192 1950; x_wconf 84' lang='lat' dir='ltr'><strong>aliquom-</strong></span> 
     </span>
     <span class='ocr_line' id='line_1_15' title="bbox 152 1963 1190 2052; baseline -0.008 -19"><span class='ocrx_word' id='word_1_104' title='bbox 152 1966 338 2043; x_wconf 85' lang='lat' dir='ltr'><strong>menfaslu,</strong></span> <span class='ocrx_word' id='word_1_105' title='bbox 358 1965 511 2044; x_wconf 78' lang='lat' dir='ltr'><strong>omand13</strong></span> <span class='ocrx_word' id='word_1_106' title='bbox 540 1963 655 2024; x_wconf 86' lang='lat' dir='ltr'><strong>deinde</strong></span> <span class='ocrx_word' id='word_1_107' title='bbox 697 1977 789 2024; x_wconf 87' lang='lat' dir='ltr'><strong>turae</strong></span> <span class='ocrx_word' id='word_1_108' title='bbox 815 1965 925 2026; x_wconf 90' lang='lat' dir='ltr'><strong>ductu</strong></span> <span class='ocrx_word' id='word_1_109' title='bbox 950 1984 987 2029; x_wconf 87' lang='lat' dir='ltr'><strong>et</strong></span> <span class='ocrx_word' id='word_1_110' title='bbox 1011 1973 1138 2052; x_wconf 87' lang='lat' dir='ltr'><strong>impetu,</strong></span> <span class='ocrx_word' id='word_1_111' title='bbox 1162 1965 1190 2025; x_wconf 82' lang='lat' dir='ltr'><strong>dt</strong></span> 
     </span>
     <span class='ocr_line' id='line_1_16' title="bbox 154 2065 1189 2147; baseline -0.007 -12"><span class='ocrx_word' id='word_1_112' title='bbox 154 2075 196 2135; x_wconf 91' lang='lat' dir='ltr'><strong>ad</strong></span> <span class='ocrx_word' id='word_1_113' title='bbox 218 2073 418 2134; x_wconf 87' lang='lat' dir='ltr'><strong>calliditatem</strong></span> <span class='ocrx_word' id='word_1_114' title='bbox 438 2072 473 2128; x_wconf 89' lang='lat' dir='ltr'><strong>in</strong></span> <span class='ocrx_word' id='word_1_115' title='bbox 492 2065 656 2127; x_wconf 84' lang='lat' dir='ltr'><strong>inserenda</strong></span> <span class='ocrx_word' id='word_1_116' title='bbox 699 2086 764 2147; x_wconf 86' lang='lat' dir='ltr'><strong>quo</strong></span> <span class='ocrx_word' id='word_1_117' title='bbox 782 2071 938 2132; x_wconf 82' lang='lat' dir='ltr'><strong>mortalis</strong></span> <span class='ocrx_word' id='word_1_118' title='bbox 955 2093 1049 2133; x_wconf 81' lang='lat' dir='ltr'><strong>mena</strong></span> <span class='ocrx_word' id='word_1_119' title='bbox 1063 2070 1133 2132; x_wconf 90' lang='lat' dir='ltr'><strong>nibil</strong></span> <span class='ocrx_word' id='word_1_120' title='bbox 1146 2087 1189 2128; x_wconf 71' lang='grc' dir='ltr'><strong>αι·</strong></span> 
     </span>
     <span class='ocr_line' id='line_1_17' title="bbox 154 2164 1187 2255; baseline 0.001 -19"><span class='ocrx_word' id='word_1_121' title='bbox 154 2179 365 2236; x_wconf 75' lang='lat' dir='ltr'><strong>varietatene</strong></span> <span class='ocrx_word' id='word_1_122' title='bbox 391 2175 482 2252; x_wconf 86' lang='lat' dir='ltr'><strong>copia</strong></span> <span class='ocrx_word' id='word_1_123' title='bbox 510 2173 544 2229; x_wconf 89' lang='lat' dir='ltr'><strong>in</strong></span> <span class='ocrx_word' id='word_1_124' title='bbox 567 2190 657 2251; x_wconf 86' lang='lat' dir='ltr'><strong>argu·</strong></span> <span class='ocrx_word' id='word_1_125' title='bbox 699 2171 723 2226; x_wconf 90' lang='lat' dir='ltr'><strong>ti</strong></span> <span class='ocrx_word' id='word_1_126' title='bbox 750 2164 896 2232; x_wconf 82' lang='lat' dir='ltr'><strong>statuere</strong></span> <span class='ocrx_word' id='word_1_127' title='bbox 926 2173 1053 2255; x_wconf 81' lang='lat' dir='ltr'><strong>potest,</strong></span> <span class='ocrx_word' id='word_1_128' title='bbox 1086 2173 1187 2237; x_wconf 69' lang='lat' dir='ltr'><strong>taum,</strong></span> 
     </span>
     <span class='ocr_line' id='line_1_18' title="bbox 153 2269 1185 2358; baseline -0.009 -19"><span class='ocrx_word' id='word_1_129' title='bbox 153 2290 296 2340; x_wconf 86' lang='lat' dir='ltr'><strong>mentum</strong></span> <span class='ocrx_word' id='word_1_130' title='bbox 333 2276 475 2358; x_wconf 82' lang='lat' dir='ltr'><strong>quamuis</strong></span> <span class='ocrx_word' id='word_1_131' title='bbox 515 2274 657 2332; x_wconf 91' lang='lat' dir='ltr'><strong>ieiunum</strong></span> <span class='ocrx_word' id='word_1_132' title='bbox 699 2269 740 2330; x_wconf 84' lang='lat' dir='ltr'><strong>ud</strong></span> <span class='ocrx_word' id='word_1_133' title='bbox 770 2272 984 2337; x_wconf 84' lang='lat' dir='ltr'><strong>voluntatem</strong></span> <span class='ocrx_word' id='word_1_134' title='bbox 1017 2293 1050 2338; x_wconf 86' lang='lat' dir='ltr'><strong>et</strong></span> <span class='ocrx_word' id='word_1_135' title='bbox 1082 2274 1185 2358; x_wconf 82' lang='lat' dir='ltr'><strong>prudeu-</strong></span> 
     </span>
     <span class='ocr_line' id='line_1_19' title="bbox 154 2373 1185 2459; baseline -0.006 -19"><span class='ocrx_word' id='word_1_136' title='bbox 154 2395 189 2440; x_wconf 84' lang='lat' dir='ltr'><strong>et</strong></span> <span class='ocrx_word' id='word_1_137' title='bbox 212 2377 309 2448; x_wconf 85' lang='lat' dir='ltr'><strong>exile,</strong></span> <span class='ocrx_word' id='word_1_138' title='bbox 353 2373 498 2457; x_wconf 83' lang='lat' dir='ltr'><strong>quorsum</strong></span> <span class='ocrx_word' id='word_1_139' title='bbox 521 2377 655 2436; x_wconf 83' lang='lat' dir='ltr'><strong>maxime</strong></span> <span class='ocrx_word' id='word_1_140' title='bbox 696 2374 781 2445; x_wconf 81' lang='lat' dir='ltr'><strong>riam,</strong></span> <span class='ocrx_word' id='word_1_141' title='bbox 804 2377 966 2438; x_wconf 83' lang='lat' dir='ltr'><strong>virtutem</strong></span> <span class='ocrx_word' id='word_1_142' title='bbox 986 2382 1085 2440; x_wconf 87' lang='lat' dir='ltr'><strong>animi</strong></span> <span class='ocrx_word' id='word_1_143' title='bbox 1099 2381 1185 2459; x_wconf 76' lang='lat' dir='ltr'><strong>arpis·</strong></span> 
     </span>
     <span class='ocr_line' id='line_1_20' title="bbox 154 2476 1184 2562; baseline -0.006 -20"><span class='ocrx_word' id='word_1_144' title='bbox 154 2479 368 2562; x_wconf 86' lang='lat' dir='ltr'><strong>episodiorum</strong></span> <span class='ocrx_word' id='word_1_145' title='bbox 405 2498 483 2557; x_wconf 82' lang='lat' dir='ltr'><strong>opes</strong></span> <span class='ocrx_word' id='word_1_146' title='bbox 527 2476 654 2538; x_wconf 81' lang='lat' dir='ltr'><strong>reseras.</strong></span> <span class='ocrx_word' id='word_1_147' title='bbox 696 2485 804 2550; x_wconf 83' lang='lat' dir='ltr'><strong>tatem,</strong></span> <span class='ocrx_word' id='word_1_148' title='bbox 831 2479 997 2542; x_wconf 84' lang='lat' dir='ltr'><strong>referunt.</strong></span> <span class='ocrx_word' id='word_1_149' title='bbox 1052 2484 1184 2543; x_wconf 81' lang='lat' dir='ltr'><strong>Poetaru-</strong></span> 
     </span>
     <span class='ocr_line' id='line_1_21' title="bbox 153 2580 1183 2669; baseline -0.004 -24"><span class='ocrx_word' id='word_1_150' title='bbox 153 2585 309 2645; x_wconf 87' lang='lat' dir='ltr'><strong>Ornatum</strong></span> <span class='ocrx_word' id='word_1_151' title='bbox 328 2580 456 2664; x_wconf 88' lang='lat' dir='ltr'><strong>quidem</strong></span> <span class='ocrx_word' id='word_1_152' title='bbox 474 2600 510 2640; x_wconf 90' lang='lat' dir='ltr'><strong>ac</strong></span> <span class='ocrx_word' id='word_1_153' title='bbox 525 2584 655 2641; x_wconf 83' lang='lat' dir='ltr'><strong>varieta—</strong></span> <span class='ocrx_word' id='word_1_154' title='bbox 695 2590 759 2637; x_wconf 87' lang='lat' dir='ltr'><strong>tem</strong></span> <span class='ocrx_word' id='word_1_155' title='bbox 780 2582 955 2658; x_wconf 86' lang='lat' dir='ltr'><strong>praeclare</strong></span> <span class='ocrx_word' id='word_1_156' title='bbox 979 2583 1029 2646; x_wconf 86' lang='lat' dir='ltr'><strong>his</strong></span> <span class='ocrx_word' id='word_1_157' title='bbox 1059 2581 1183 2669; x_wconf 79' lang='lat' dir='ltr'><strong>praefidit</strong></span> 
     </span>
     <span class='ocr_line' id='line_1_22' title="bbox 153 2678 1183 2760; baseline -0.003 -12"><span class='ocrx_word' id='word_1_158' title='bbox 153 2701 218 2749; x_wconf 89' lang='lat' dir='ltr'><strong>tem</strong></span> <span class='ocrx_word' id='word_1_159' title='bbox 233 2688 364 2745; x_wconf 86' lang='lat' dir='ltr'><strong>maxime</strong></span> <span class='ocrx_word' id='word_1_160' title='bbox 384 2683 480 2744; x_wconf 90' lang='lat' dir='ltr'><strong>modo</strong></span> <span class='ocrx_word' id='word_1_161' title='bbox 503 2682 541 2743; x_wconf 84' lang='lat' dir='ltr'><strong>ab</strong></span> <span class='ocrx_word' id='word_1_162' title='bbox 557 2687 655 2744; x_wconf 86' lang='lat' dir='ltr'><strong>maio·</strong></span> <span class='ocrx_word' id='word_1_163' title='bbox 695 2678 761 2739; x_wconf 86' lang='lat' dir='ltr'><strong>vsus</strong></span> <span class='ocrx_word' id='word_1_164' title='bbox 789 2678 854 2760; x_wconf 79' lang='lat' dir='ltr'><strong>est3</strong></span> <span class='ocrx_word' id='word_1_165' title='bbox 899 2683 1003 2749; x_wconf 81' lang='lat' dir='ltr'><strong>habet</strong></span> <span class='ocrx_word' id='word_1_166' title='bbox 1032 2694 1114 2750; x_wconf 87' lang='lat' dir='ltr'><strong>enim</strong></span> <span class='ocrx_word' id='word_1_167' title='bbox 1135 2681 1183 2745; x_wconf 72' lang='lat' dir='ltr'><strong>inlr</strong></span> 
     </span>
     <span class='ocr_line' id='line_1_23' title="bbox 153 2784 1182 2868; baseline -0.005 -19"><span class='ocrx_word' id='word_1_168' title='bbox 153 2811 224 2852; x_wconf 87' lang='lat' dir='ltr'><strong>rum</strong></span> <span class='ocrx_word' id='word_1_169' title='bbox 248 2791 469 2861; x_wconf 84' lang='lat' dir='ltr'><strong>animantium,</strong></span> <span class='ocrx_word' id='word_1_170' title='bbox 496 2787 653 2868; x_wconf 88' lang='lat' dir='ltr'><strong>pecudum</strong></span> <span class='ocrx_word' id='word_1_171' title='bbox 695 2800 789 2864; x_wconf 82' lang='lat' dir='ltr'><strong>gnem</strong></span> <span class='ocrx_word' id='word_1_172' title='bbox 806 2784 847 2845; x_wconf 86' lang='lat' dir='ltr'><strong>ad</strong></span> <span class='ocrx_word' id='word_1_173' title='bbox 862 2794 995 2852; x_wconf 82' lang='lat' dir='ltr'><strong>animos</strong></span> <span class='ocrx_word' id='word_1_174' title='bbox 1012 2789 1182 2853; x_wconf 80' lang='lat' dir='ltr'><strong>nostrossur·</strong></span> 
     </span>
     <span class='ocr_line' id='line_1_24' title="bbox 153 2889 1181 2964; baseline -0.005 -8"><span class='ocrx_word' id='word_1_175' title='bbox 153 2911 188 2956; x_wconf 90' lang='lat' dir='ltr'><strong>et</strong></span> <span class='ocrx_word' id='word_1_176' title='bbox 214 2908 444 2964; x_wconf 87' lang='lat' dir='ltr'><strong>armentorum,</strong></span> <span class='ocrx_word' id='word_1_177' title='bbox 488 2890 585 2951; x_wconf 90' lang='lat' dir='ltr'><strong>modo</strong></span> <span class='ocrx_word' id='word_1_178' title='bbox 612 2889 651 2950; x_wconf 84' lang='lat' dir='ltr'><strong>ab</strong></span> <span class='ocrx_word' id='word_1_179' title='bbox 694 2890 822 2947; x_wconf 87' lang='lat' dir='ltr'><strong>vitatem</strong></span> <span class='ocrx_word' id='word_1_180' title='bbox 829 2929 841 2962; x_wconf 89' lang='lat'><em>‚</em></span> <span class='ocrx_word' id='word_1_181' title='bbox 885 2889 912 2951; x_wconf 87' lang='lat' dir='ltr'><strong>fi</strong></span> <span class='ocrx_word' id='word_1_182' title='bbox 941 2891 1116 2956; x_wconf 86' lang='lat' dir='ltr'><strong>nostrorum</strong></span> <span class='ocrx_word' id='word_1_183' title='bbox 1135 2912 1181 2951; x_wconf 78' lang='lat' dir='ltr'><strong>uto</strong></span> 
     </span>
     <span class='ocr_line' id='line_1_25' title="bbox 154 2993 1180 3076; baseline -0.011 -17"><span class='ocrx_word' id='word_1_184' title='bbox 154 2996 319 3059; x_wconf 88' lang='lat' dir='ltr'><strong>hominum</strong></span> <span class='ocrx_word' id='word_1_185' title='bbox 335 2994 497 3067; x_wconf 79' lang='lat' dir='ltr'><strong>attributis,</strong></span> <span class='ocrx_word' id='word_1_186' title='bbox 512 2997 652 3075; x_wconf 82' lang='lat' dir='ltr'><strong>inprimis</strong></span> <span class='ocrx_word' id='word_1_187' title='bbox 693 3010 763 3049; x_wconf 89' lang='lat' dir='ltr'><strong>rum</strong></span> <span class='ocrx_word' id='word_1_188' title='bbox 795 3011 833 3051; x_wconf 90' lang='lat' dir='ltr'><strong>ac</strong></span> <span class='ocrx_word' id='word_1_189' title='bbox 862 2993 1073 3059; x_wconf 78' lang='lat' dir='ltr'><strong>consiliorum</strong></span> <span class='ocrx_word' id='word_1_190' title='bbox 1100 2998 1180 3076; x_wconf 67' lang='lat' dir='ltr'><strong>imagi</strong></span> 
     </span>
     <span class='ocr_line' id='line_1_26' title="bbox 154 3095 1179 3181; baseline -0.007 -20"><span class='ocrx_word' id='word_1_191' title='bbox 154 3104 210 3174; x_wconf 89' lang='lat' dir='ltr'><strong>iis,</strong></span> <span class='ocrx_word' id='word_1_192' title='bbox 242 3103 376 3181; x_wconf 88' lang='lat' dir='ltr'><strong>petitum</strong></span> <span class='ocrx_word' id='word_1_193' title='bbox 394 3095 528 3171; x_wconf 87' lang='lat' dir='ltr'><strong>videbis,</strong></span> <span class='ocrx_word' id='word_1_194' title='bbox 570 3119 651 3181; x_wconf 87' lang='lat' dir='ltr'><strong>quae</strong></span> <span class='ocrx_word' id='word_1_195' title='bbox 693 3112 767 3153; x_wconf 87' lang='lat' dir='ltr'><strong>nem</strong></span> <span class='ocrx_word' id='word_1_196' title='bbox 810 3097 846 3154; x_wconf 91' lang='lat' dir='ltr'><strong>in</strong></span> <span class='ocrx_word' id='word_1_197' title='bbox 888 3098 961 3158; x_wconf 87' lang='lat' dir='ltr'><strong>eliis</strong></span> <span class='ocrx_word' id='word_1_198' title='bbox 1001 3099 1179 3162; x_wconf 79' lang='lat' dir='ltr'><strong>animantibus</strong></span> 
     </span>
     <span class='ocr_line' id='line_1_27' title="bbox 154 3194 1178 3266; baseline -0.003 -3"><span class='ocrx_word' id='word_1_199' title='bbox 154 3200 309 3263; x_wconf 84' lang='lat' dir='ltr'><strong>humanae</strong></span> <span class='ocrx_word' id='word_1_200' title='bbox 329 3206 411 3263; x_wconf 79' lang='lat' dir='ltr'><strong>vitae</strong></span> <span class='ocrx_word' id='word_1_201' title='bbox 434 3217 465 3262; x_wconf 93' lang='lat' dir='ltr'><strong>et</strong></span> <span class='ocrx_word' id='word_1_202' title='bbox 488 3199 652 3261; x_wconf 90' lang='lat' dir='ltr'><strong>hominum</strong></span> <span class='ocrx_word' id='word_1_203' title='bbox 694 3194 914 3259; x_wconf 81' lang='lat' dir='ltr'><strong>adumbratam</strong></span> <span class='ocrx_word' id='word_1_204' title='bbox 932 3203 1105 3266; x_wconf 68' lang='lat' dir='ltr'><strong>videamus.</strong></span> <span class='ocrx_word' id='word_1_205' title='bbox 1132 3203 1178 3261; x_wconf 85' lang='lat' dir='ltr'><strong>To·</strong></span> 
     </span>
     <span class='ocr_line' id='line_1_28' title="bbox 152 3300 1177 3390; baseline -0.005 -24"><span class='ocrx_word' id='word_1_206' title='bbox 152 3305 289 3366; x_wconf 84' lang='lat' dir='ltr'><strong>societati</strong></span> <span class='ocrx_word' id='word_1_207' title='bbox 312 3324 348 3364; x_wconf 83' lang='lat' dir='ltr'><strong>ac</strong></span> <span class='ocrx_word' id='word_1_208' title='bbox 361 3309 582 3378; x_wconf 88' lang='lat' dir='ltr'><strong>coniunctioni,</strong></span> <span class='ocrx_word' id='word_1_209' title='bbox 602 3326 652 3366; x_wconf 88' lang='lat' dir='ltr'><strong>re·</strong></span> <span class='ocrx_word' id='word_1_210' title='bbox 693 3315 863 3361; x_wconf 73' lang='lat' dir='ltr'><strong>tutantem</strong></span> <span class='ocrx_word' id='word_1_211' title='bbox 886 3300 942 3364; x_wconf 89' lang='lat' dir='ltr'><strong>hic</strong></span> <span class='ocrx_word' id='word_1_212' title='bbox 965 3307 1007 3367; x_wconf 89' lang='lat' dir='ltr'><strong>de</strong></span> <span class='ocrx_word' id='word_1_213' title='bbox 1030 3307 1128 3390; x_wconf 86' lang='lat' dir='ltr'><strong>apibus</strong></span> <span class='ocrx_word' id='word_1_214' title='bbox 1144 3304 1177 3362; x_wconf 86' lang='lat' dir='ltr'><strong>lo·</strong></span> 
     </span>
     <span class='ocr_line' id='line_1_29' title="bbox 151 3402 1175 3489; baseline -0.003 -22"><span class='ocrx_word' id='word_1_215' title='bbox 151 3405 209 3468; x_wconf 89' lang='lat' dir='ltr'><strong>bus</strong></span> <span class='ocrx_word' id='word_1_216' title='bbox 226 3403 358 3487; x_wconf 89' lang='lat' dir='ltr'><strong>publicis</strong></span> <span class='ocrx_word' id='word_1_217' title='bbox 380 3407 459 3467; x_wconf 81' lang='lat' dir='ltr'><strong>adeo</strong></span> <span class='ocrx_word' id='word_1_218' title='bbox 484 3423 515 3467; x_wconf 89' lang='lat' dir='ltr'><strong>et</strong></span> <span class='ocrx_word' id='word_1_219' title='bbox 537 3411 652 3468; x_wconf 88' lang='lat' dir='ltr'><strong>exerci·</strong></span> <span class='ocrx_word' id='word_1_220' title='bbox 693 3424 745 3463; x_wconf 88' lang='lat' dir='ltr'><strong>cus</strong></span> <span class='ocrx_word' id='word_1_221' title='bbox 777 3404 883 3464; x_wconf 88' lang='lat' dir='ltr'><strong>multis</strong></span> <span class='ocrx_word' id='word_1_222' title='bbox 919 3409 1066 3471; x_wconf 84' lang='lat' dir='ltr'><strong>illustrari</strong></span> <span class='ocrx_word' id='word_1_223' title='bbox 1099 3402 1175 3489; x_wconf 79' lang='lat' dir='ltr'><strong>potdl</strong></span> 
     </span>
     <span class='ocr_line' id='line_1_30' title="bbox 154 3502 1174 3590; baseline -0.004 -21"><span class='ocrx_word' id='word_1_224' title='bbox 154 3509 251 3582; x_wconf 88' lang='lat' dir='ltr'><strong>tibus,</strong></span> <span class='ocrx_word' id='word_1_225' title='bbox 272 3512 399 3590; x_wconf 90' lang='lat' dir='ltr'><strong>propria</strong></span> <span class='ocrx_word' id='word_1_226' title='bbox 414 3507 475 3570; x_wconf 87' lang='lat' dir='ltr'><strong>elle</strong></span> <span class='ocrx_word' id='word_1_227' title='bbox 487 3508 649 3570; x_wconf 86' lang='lat' dir='ltr'><strong>videntur:</strong></span> <span class='ocrx_word' id='word_1_228' title='bbox 692 3502 762 3588; x_wconf 86' lang='lat' dir='ltr'><strong>post</strong></span> <span class='ocrx_word' id='word_1_229' title='bbox 782 3506 968 3570; x_wconf 84' lang='lat' dir='ltr'><strong>Varronem</strong></span> <span class='ocrx_word' id='word_1_230' title='bbox 988 3514 1046 3586; x_wconf 88' lang='lat' dir='ltr'>III,</span> <span class='ocrx_word' id='word_1_231' title='bbox 1070 3515 1114 3583; x_wconf 84' lang='lat'><strong>16,</strong></span> <span class='ocrx_word' id='word_1_232' title='bbox 1135 3527 1174 3566; x_wconf 84' lang='lat' dir='ltr'><strong>ru·</strong></span> 
     </span>
     <span class='ocr_line' id='line_1_31' title="bbox 154 3609 1173 3695; baseline -0.003 -22"><span class='ocrx_word' id='word_1_233' title='bbox 154 3613 237 3673; x_wconf 84' lang='lat' dir='ltr'><strong>vnde</strong></span> <span class='ocrx_word' id='word_1_234' title='bbox 251 3624 352 3680; x_wconf 82' lang='lat' dir='ltr'><strong>tecta,</strong></span> <span class='ocrx_word' id='word_1_235' title='bbox 370 3611 480 3685; x_wconf 85' lang='lat' dir='ltr'><strong>aedes,</strong></span> <span class='ocrx_word' id='word_1_236' title='bbox 497 3627 650 3695; x_wconf 80' lang='lat' dir='ltr'><strong>penates,</strong></span> <span class='ocrx_word' id='word_1_237' title='bbox 691 3610 731 3670; x_wconf 89' lang='lat' dir='ltr'><strong>de</strong></span> <span class='ocrx_word' id='word_1_238' title='bbox 753 3609 907 3692; x_wconf 81' lang='lat' dir='ltr'><strong>pleraque</strong></span> <span class='ocrx_word' id='word_1_239' title='bbox 931 3614 1034 3677; x_wconf 82' lang='lat' dir='ltr'><strong>sumta</strong></span> <span class='ocrx_word' id='word_1_240' title='bbox 1039 3660 1050 3690; x_wconf 89' lang='lat'><em>,</em></span> <span class='ocrx_word' id='word_1_241' title='bbox 1078 3637 1111 3676; x_wconf 83' lang='lat' dir='ltr'><strong>ex</strong></span> <span class='ocrx_word' id='word_1_242' title='bbox 1129 3612 1173 3670; x_wconf 86' lang='lat' dir='ltr'><strong>Co·</strong></span> 
     </span>
     <span class='ocr_line' id='line_1_32' title="bbox 154 3711 1172 3804; baseline -0.001 -30"><span class='ocrx_word' id='word_1_243' title='bbox 154 3716 219 3784; x_wconf 86' lang='lat' dir='ltr'><strong>Iar,</strong></span> <span class='ocrx_word' id='word_1_244' title='bbox 232 3713 384 3782; x_wconf 77' lang='lat' dir='ltr'><strong>thalami,</strong></span> <span class='ocrx_word' id='word_1_245' title='bbox 392 3713 572 3783; x_wconf 84' lang='lat' dir='ltr'><strong>cunabula,</strong></span> <span class='ocrx_word' id='word_1_246' title='bbox 579 3715 649 3794; x_wconf 83' lang='lat' dir='ltr'><strong>fla-</strong></span> <span class='ocrx_word' id='word_1_247' title='bbox 690 3711 834 3772; x_wconf 88' lang='lat' dir='ltr'><strong>lumellae</strong></span> <span class='ocrx_word' id='word_1_248' title='bbox 849 3713 934 3776; x_wconf 92' lang='lat' dir='ltr'><strong>libro</strong></span> <span class='ocrx_word' id='word_1_249' title='bbox 952 3718 1014 3792; x_wconf 87' lang='lat' dir='ltr'><strong>IX,</strong></span> <span class='ocrx_word' id='word_1_250' title='bbox 1038 3724 1098 3804; x_wconf 86' lang='lat' dir='ltr'><strong>qui,</strong></span> <span class='ocrx_word' id='word_1_251' title='bbox 1117 3716 1172 3775; x_wconf 83' lang='lat' dir='ltr'><strong>dun</strong></span> 
     </span>
     <span class='ocr_line' id='line_1_33' title="bbox 154 3814 1230 3905; baseline -0.006 -28"><span class='ocrx_word' id='word_1_252' title='bbox 154 3818 243 3893; x_wconf 83' lang='lat' dir='ltr'><strong>bula,</strong></span> <span class='ocrx_word' id='word_1_253' title='bbox 274 3815 406 3899; x_wconf 75' lang='lat' dir='ltr'><strong>oppida,</strong></span> <span class='ocrx_word' id='word_1_254' title='bbox 439 3815 530 3885; x_wconf 81' lang='lat' dir='ltr'><strong>vrbs,</strong></span> <span class='ocrx_word' id='word_1_255' title='bbox 556 3818 650 3889; x_wconf 85' lang='lat' dir='ltr'><strong>aula,</strong></span> <span class='ocrx_word' id='word_1_256' title='bbox 691 3814 732 3876; x_wconf 90' lang='lat' dir='ltr'><strong>de</strong></span> <span class='ocrx_word' id='word_1_257' title='bbox 766 3834 860 3896; x_wconf 88' lang='lat' dir='ltr'><strong>apum</strong></span> <span class='ocrx_word' id='word_1_258' title='bbox 897 3818 1063 3903; x_wconf 62' lang='lat' dir='ltr'><strong>disciplina</strong></span> <span class='ocrx_word' id='word_1_259' title='bbox 1092 3818 1171 3881; x_wconf 77' lang='lat' dir='ltr'><strong>mdit.</strong></span> <span class='ocrx_word' id='word_1_260' title='bbox 1228 3850 1230 3905; x_wconf 63' lang='lat'>3</span> 
     </span>
     <span class='ocr_line' id='line_1_34' title="bbox 153 3919 1170 4008; baseline 0.006 -27"><span class='ocrx_word' id='word_1_261' title='bbox 153 3941 270 4001; x_wconf 76' lang='lat' dir='ltr'><strong>regna,</strong></span> <span class='ocrx_word' id='word_1_262' title='bbox 283 3920 466 4004; x_wconf 79' lang='lat' dir='ltr'><strong>praetoria,</strong></span> <span class='ocrx_word' id='word_1_263' title='bbox 482 3934 604 4001; x_wconf 74' lang='lat' dir='ltr'><strong>porcae</strong></span> <span class='ocrx_word' id='word_1_264' title='bbox 617 3936 650 3982; x_wconf 87' lang='lat' dir='ltr'><strong>et</strong></span> <span class='ocrx_word' id='word_1_265' title='bbox 689 3934 813 4001; x_wconf 81' lang='lat' dir='ltr'><strong>praeter</strong></span> <span class='ocrx_word' id='word_1_266' title='bbox 828 3919 955 3981; x_wconf 86' lang='lat' dir='ltr'><strong>Celsum</strong></span> <span class='ocrx_word' id='word_1_267' title='bbox 980 3940 1014 3985; x_wconf 88' lang='lat' dir='ltr'><strong>et</strong></span> <span class='ocrx_word' id='word_1_268' title='bbox 1028 3926 1170 4008; x_wconf 76' lang='lat' dir='ltr'><strong>Hyginum</strong></span> 
     </span>
     <span class='ocr_line' id='line_1_35' title="bbox 148 4021 1231 4107; baseline -0.003 -22"><span class='ocrx_word' id='word_1_269' title='bbox 148 4021 573 4106; x_wconf 83' lang='lat' dir='ltr'><strong>eliearceslitasunt,quorum</strong></span> <span class='ocrx_word' id='word_1_270' title='bbox 581 4028 650 4107; x_wconf 91' lang='lat' dir='ltr'><strong>qui-</strong></span> <span class='ocrx_word' id='word_1_271' title='bbox 690 4043 823 4105; x_wconf 89' lang='lat' dir='ltr'><strong>quorum</strong></span> <span class='ocrx_word' id='word_1_272' title='bbox 836 4022 911 4084; x_wconf 90' lang='lat' dir='ltr'><strong>libri</strong></span> <span class='ocrx_word' id='word_1_273' title='bbox 926 4045 1018 4088; x_wconf 89' lang='lat' dir='ltr'><strong>nunc</strong></span> <span class='ocrx_word' id='word_1_274' title='bbox 1032 4023 1170 4089; x_wconf 77' lang='lat' dir='ltr'><strong>intercide·</strong></span> <span class='ocrx_word' id='word_1_275' title='bbox 1229 4070 1231 4075; x_wconf 68' lang='lat'>,</span> 
     </span>
     <span class='ocr_line' id='line_1_36' title="bbox 150 4119 1169 4216; baseline -0.004 -27"><span class='ocrx_word' id='word_1_276' title='bbox 150 4129 223 4190; x_wconf 90' lang='lat' dir='ltr'><strong>dem</strong></span> <span class='ocrx_word' id='word_1_277' title='bbox 243 4128 327 4191; x_wconf 87' lang='lat' dir='ltr'><strong>vsum</strong></span> <span class='ocrx_word' id='word_1_278' title='bbox 352 4129 415 4210; x_wconf 87' lang='lat' dir='ltr'><strong>ipsa</strong></span> <span class='ocrx_word' id='word_1_279' title='bbox 440 4127 649 4209; x_wconf 88' lang='lat' dir='ltr'><strong>suppeditauit</strong></span> <span class='ocrx_word' id='word_1_280' title='bbox 687 4140 779 4201; x_wconf 88' lang='lat' dir='ltr'><strong>runt,</strong></span> <span class='ocrx_word' id='word_1_281' title='bbox 796 4127 966 4210; x_wconf 75' lang='lat' dir='ltr'><strong>VirgiIIum</strong></span> <span class='ocrx_word' id='word_1_282' title='bbox 981 4129 1119 4216; x_wconf 84' lang='lat' dir='ltr'><strong>sequutus</strong></span> <span class='ocrx_word' id='word_1_283' title='bbox 1131 4119 1169 4185; x_wconf 83' lang='lat' dir='ltr'><strong>est·</strong></span> 
     </span>
     <span class='ocr_line' id='line_1_37' title="bbox 148 4227 1166 4314; baseline 0.003 -22"><span class='ocrx_word' id='word_1_284' title='bbox 148 4232 279 4314; x_wconf 71' lang='lat' dir='ltr'><strong>vulgarit</strong></span> <span class='ocrx_word' id='word_1_285' title='bbox 290 4230 451 4296; x_wconf 86' lang='lat' dir='ltr'><strong>hominum</strong></span> <span class='ocrx_word' id='word_1_286' title='bbox 465 4236 555 4308; x_wconf 82' lang='lat' dir='ltr'><strong>ratio,</strong></span> <span class='ocrx_word' id='word_1_287' title='bbox 571 4231 647 4293; x_wconf 91' lang='lat' dir='ltr'><strong>dum</strong></span> <span class='ocrx_word' id='word_1_288' title='bbox 686 4230 777 4294; x_wconf 84' lang='lat' dir='ltr'><strong>Adde</strong></span> <span class='ocrx_word' id='word_1_289' title='bbox 796 4229 922 4296; x_wconf 78' lang='lat' dir='ltr'><strong>Aristot.</strong></span> <span class='ocrx_word' id='word_1_290' title='bbox 939 4231 1017 4300; x_wconf 69' lang='lat' dir='ltr'><strong>triu.</strong></span> <span class='ocrx_word' id='word_1_291' title='bbox 1031 4238 1125 4298; x_wconf 76' lang='lat' dir='ltr'><strong>Amn.</strong></span> <span class='ocrx_word' id='word_1_292' title='bbox 1139 4227 1166 4295; x_wconf 64' lang='lat' dir='ltr'><strong>l}</strong></span> 
     </span>
    </p>
   </div>
   <div class='ocr_carea' id='block_1_5' title="bbox 0 0 1350 4914">
    <p class='ocr_par' dir='ltr' id='par_1_5' title="bbox 0 0 1350 4914">
     <span class='ocr_line' id='line_1_38' title="bbox 0 0 1350 4914; baseline 0 3"><span class='ocrx_word' id='word_1_293' title='bbox 0 0 1350 4914; x_wconf 95' lang='lat' dir='ltr'><strong> </strong></span> 
     </span>
    </p>
   </div>
  </div>
 </body>
</html>
