2692 4914
243 345 295 420 50
451 342 495 415 P.
521 337 774 418 VIRGILII
802 335 1070 414 MARONIS

232 534 367 613 scilicet
379 528 440 609 se,
477 530 548 588 iam
578 538 692 585 aetate
714 539 931 607 prouectum,
979 523 1145 586 libertatis
1174 521 1287 602 conse·

151 694 155 700 .
243 636 398 725 quendae
419 636 531 718 couffa
555 633 680 696 Vrbem
701 610 834 712 afflffe,
880 633 994 719 ibique
1014 631 1058 691 ab
1079 631 1155 691 beri
1168 630 1289 713 facili·

244 763 317 808 tate
331 744 395 804 boo
409 740 595 821 obtinuffl'e,
616 754 655 798 ut
666 758 784 818 greges
789 740 873 816 suos
889 755 961 799 tuto
981 761 1023 800 ao
1037 739 1140 799 libere
1150 739 1290 822 pascere

243 838 367 915 liceret.
409 847 586 910 Putandus
608 843 652 924 est
674 844 760 906 adeo
789 849 919 927 Tityrus
935 845 1097 927 ffeonue
1117 864 1161 905 ea
1177 841 1291 928 pasto·

243 961 336 1021 ribus
347 958 459 1035 seruis
480 957 516 1013 in
531 950 646 1035 fiendo
670 974 693 1012 a
712 951 848 1012 domino
871 952 1015 1014 beabitis:
1054 953 1097 1035 cf.
1120 951 1171 1011 ad
1189 973 1225 1015 v.
1239 952 1291 1017 28.

243 1072 379 1132 Interea
407 1063 495 1123 alter
523 1059 567 1120 de
594 1059 690 1119 malis
718 1081 761 1119 ao
787 1059 873 1119 mole
887 1064 942 1121 tiis
970 1062 1181 1139 migrationis
1202 1059 1293 1138 suae

244 1173 480 1256 conqueritur,
526 1165 728 1249 tandemque
759 1179 878 1248 operte
901 1166 945 1226 de
966 1183 1206 1227 veteranorum
1231 1168 1292 1227 im-

245 1277 392 1359 miffione
410 1279 447 1335 in
467 1293 568 1352 agros
592 1273 741 1355 loquitur
765 1293 776 1312 r
815 1293 865 1352 7⁰·
910 1271 1234 1352 Subsistitdialogus
1254 1275 1294 1332 in

244 1409 303 1461 co,
331 1400 370 1446 ot
388 1385 517 1464 'Iityrus
538 1379 692 1461 miserum
708 1379 842 1440 exulem
861 1381 899 1442 in
908 1381 976 1462 suo
993 1380 1128 1461 tugurio
1147 1400 1294 1466 pernoc-

247 1509 323 1558 tare
341 1490 468 1555 iubeat.

330 1662 445 1750 Atque
468 1661 532 1722 boo
560 1657 695 1746 quidem
721 1680 841 1722 verum
864 1681 908 1722 ac
931 1662 1107 1746 proprium
1133 1665 1295 1724 carminis

246 1774 299 1856 est¹
313 1783 567 1854 argumentum:
606 1767 716 1851 quod,
745 1784 907 1853 quantum
935 1791 959 1830 a
982 1785 1109 1830 natura
1133 1774 1295 1831 carminis

241 1881 416 1970 pastoricii,
426 1877 564 1960 proprie
585 1874 669 1935 dicti
690 1874 775 1953 abfit
782 1917 795 1946 ,
822 1877 935 1959 facile
950 1893 1111 1961 apparet,
1138 1892 1175 1940 et
1195 1880 1296 1962 quale

247 2010 372 2051 nouum
389 2003 495 2066 genus
519 1979 717 2058 oonsb'tuat,
758 1986 796 2043 in
817 1983 1045 2066 disputatione
1065 1982 1110 2044 de
1130 1988 1297 2047 Bucolicis

248 2095 449 2175 Virgilianis
471 2086 653 2169 expositum
672 2085 725 2165 est.
771 2089 839 2150 Sed
850 2095 1034 2152 communis
1050 2095 1200 2153 omnium
1215 2109 1297 2153 tem·

244 2223 368 2289 porum
391 2197 523 2280 quinio,
559 2208 710 2261 veterum
729 2193 1035 2262 Grammaticorum
1048 2198 1125 2282 fide
1137 2202 1296 2282 firmata,

248 2309 413 2375 obtinuit,
453 2303 602 2381 Eologae
622 2299 720 2360 buius
737 2306 911 2364 ‘rationem
931 2305 982 2365 ad
1002 2307 1063 2367 illa
1085 2322 1239 2390 tempora
1263 2325 1297 2369 et

249 2416 386 2496 Virgilii
412 2413 593 2493 fortunam
622 2410 912 2473 accommodatam
943 2417 1023 2500 effe,
1069 2436 1176 2499 eoque
1205 2439 1296 2477 anno

248 2544 324 2583 eam
347 2519 369 2599 (
372 2520 411 2584 V.
430 2518 463 2582 C.
480 2515 566 2598 713)
599 2515 767 2597 scriptam
795 2518 876 2601 effe,
927 2541 994 2603 quo
1027 2523 1297 2585 Triumuirorum

244 2631 403 2717 pactione
430 2623 566 2683 decreta
598 2621 752 2702 nefanda
778 2625 840 2685 illa
867 2647 1027 2706 agrorum
1047 2631 1137 2689 iuter
1165 2649 1298 2692 vetera-

250 2760 311 2799 nos
336 2732 452 2810 diuifio
473 2729 517 2787 ab
535 2730 722 2789 Octauiano
736 2733 842 2815 faeta
860 2732 924 2812 est;
955 2733 999 2794 de
1017 2757 1084 2819 qua
1098 2758 1130 2801 v.
1144 2739 1296 2823 Appian.

251 2845 345 2906 Ciuil.
360 2841 415 2904 lib.
423 2838 483 2913 IV,
493 2839 524 2904 5,
549 2834 729 2918 (edAmst.
750 2843 842 2921 1670,
852 2863 887 2923 p.
897 2843 990 2924 954)
1013 2845 1080 2903 Dio
1095 2847 1236 2916 XLVII,
1250 2857 1295 2928 ¹4

249 2954 343 3019 Ante
372 2951 478 3015 enim,
524 2965 625 3027 quam
654 2945 827 3006 Antonius
844 2964 877 3007 et
905 2951 1111 3010 Octauianus
1135 2952 1297 3034 aduersus

252 3058 392 3144 Caffium
414 3072 448 3116 et
468 3058 606 3114 Brutum
625 3052 932 3136 proficiscerentur,
964 3061 1030 3118 icto
1056 3058 1105 3118 ad
1126 3062 1297 3122 Mutinam

241 3167 405 3250 foedere,
435 3182 521 3247 quae
542 3160 586 3241 est
607 3161 745 3241 infamis
759 3161 820 3220 illa
838 3165 1102 3225 Triumuiratum
1120 3173 1238 3248 pactio
1255 3170 1296 3235 V.

254 3278 288 3342 C,
305 3296 387 3355 711,
417 3284 455 3328 vt
479 3270 680 3337 exercitum,
713 3289 756 3326 ex
774 3273 945 3330 veteranis
957 3273 1039 3353 fere
1063 3275 1297 3359 conscriptum,

253 3385 292 3445 in
305 3378 380 3460 fide
401 3378 603 3443 retinerent,
639 3374 800 3437 militibus
816 3394 955 3460 praeter
976 3382 1046 3441 alia
1066 3387 1223 3464 praemia
1244 3407 1297 3445 oo·

252 3490 361 3549 Ionias
382 3483 514 3544 orbium
533 3482 748 3551 Italicarum,
785 3498 819 3542 et
839 3485 955 3567 opibus
977 3503 1010 3547 et
1027 3490 1105 3566 solo
1127 3505 1161 3549 et
1180 3491 1297 3574 aediſs-

252 3599 313 3657 ciis
339 3597 428 3653 inter
449 3605 576 3649 ceteras
608 3586 803 3666 insignium,
846 3593 1045 3669 octodecim,
1091 3618 1181 3680 quae
1203 3597 1297 3679 Coffii
1326 3584 1331 3588 ’

249 3717 365 3787 portes
384 3697 559 3781 amplexae
581 3709 697 3765 erant,
729 3698 818 3759 inter
842 3721 925 3782 quas
950 3685 1083 3783 Capua,
1120 3705 1297 3785 Rhegium,

254 3805 418 3883 Venusia,
451 3808 693 3877 Beneuentum,
720 3802 883 3876 Nuceria,
912 3808 1125 3881 Ariminum,
1158 3814 1297 3874 Vibone

254 3932 288 3981 ct
310 3917 473 3975 Cremona
496 3925 740 3979 memorantur,
778 3915 1002 3993 promiserunt
1008 3941 1021 3989 ,·
1058 3918 1089 3979 u.
1112 3939 1139 3982 e.
1169 3943 1301 4005 recepe-

254 4039 333 4085 runt
357 4025 392 4081 in
402 4020 464 4098 se,
490 4019 534 4094 se
555 4039 628 4090 eos,
666 4017 751 4076 bello
766 4021 919 4100 feliciter
943 4026 1114 4106 confecto,
1158 4031 1196 4087 in
1222 4031 1303 4089 illat¹

253 4132 368 4196 orbes,
402 4143 574 4207 tamquam
596 4124 760 4200 colonias,
791 4124 1010 4202 deducturos,
1031 4150 1214 4210 eteorum,
1241 4136 1306 4221 qui

255 4261 344 4299 uunc
369 4233 572 4300 incolerent,
613 4250 713 4311 agros
746 4234 789 4294 iis
815 4232 1035 4316 affigunturos
1061 4242 1133 4326 effe.
1188 4245 1308 4328 Quam
