2692 4914
10 358 21 430 t
156 305 955 453 ououorcouuru.1v,291-29t
1032 355 1109 457 713

10 573 18 619 t
68 550 133 621 *Et
153 522 297 620 diuersa
315 569 428 619 ruens
451 541 591 644 septem
612 540 784 620 discurrit
802 547 842 616 in
865 544 947 617 ora*

66 684 200 782 Vsque
225 678 400 755 coloratis
427 680 545 750 amuis
574 674 741 750 deuexus
764 676 810 750 ab
837 676 955 768 Indis3

10 860 15 887 .-
67 819 205 894 Omnis
224 818 266 889 iu
288 812 360 888 hac
382 830 524 888 certam
550 816 655 911 regio
681 815 769 884 iacit
792 830 873 887 arte
893 810 1057 888 salutem.

66 1033 191 1103 Propert.
204 1031 251 1093 111,
266 1046 309 1091 22,
327 1028 368 1082 16.
411 1025 559 1080 lucidorum
576 1041 602 1089 et
620 1024 675 1099 ipse
694 1024 836 1100 aliquando
856 1027 883 1080 in
902 1025 972 1081 huuc
988 1026 1109 1102 suspicio·

66 1137 149 1180 uteru,
166 1116 285 1188 inprimit
300 1113 362 1184 quia
374 1112 451 1166 Maro
468 1113 547 1166 etiem
560 1111 641 1166 altero
654 1111 714 1165 loco
729 1113 850 1184 Gangem
864 1129 890 1167 et
902 1112 995 1166 Nilum
1009 1115 1108 1185 iungite

69 1206 132 1260 Ceu
146 1203 258 1275 septem
270 1199 397 1270 surgens
412 1197 528 1268 sedatis
547 1199 676 1251 amnibus
695 1200 770 1252 altus
786 1200 841 1252 Per
859 1207 974 1255 tacitum
995 1201 1110 1273 Gattger

67 1302 124 1345 m
140 1295 243 1360 pingui
254 1288 379 1357 flumine
394 1284 487 1340 Nuus.
524 1285 667 1339 Enimuero
682 1283 842 1339 reuocubtnt
855 1304 898 1337 me
912 1285 1001 1356 pluro:
1023 1288 1111 1359 primo

66 1373 146 1449 quod
166 1391 247 1445 epum
268 1371 464 1442 generationem
484 1388 564 1423 nemo
586 1369 621 1422 ed
643 1369 725 1423 ludot
746 1370 846 1432 retulit:
881 1373 944 1443 quid
967 1372 1039 1445 quod
1060 1391 1112 1427 uec

65 1458 234 1516 mellifluum
262 1457 330 1510 inter
358 1455 439 1509 lndoe
468 1470 644 1508 memoratum
673 1474 707 1508 ne
733 1473 764 1508 ex
781 1456 927 1511 recentibus
947 1456 1054 1530 quidem
1077 1457 1111 1512 de

64 1545 147 1601 ludit
169 1542 349 1616 scriptoribus,
373 1541 497 1603 memiui;
540 1555 596 1594 tum
616 1559 672 1593 non
692 1539 779 1594 m'mut
806 1557 958 1595 contortum
978 1543 1014 1598 cst
1033 1543 1108 1606 illud,
1152 1538 1155 1548 '

65 1629 161 1706 quod,
195 1648 252 1698 qua
272 1634 384 1681 ot'ct'nta
402 1624 528 1696 PerfldIe
551 1640 650 1697 urget,
690 1625 797 1696 Ganges
823 1643 942 1682 narratur
965 1628 1110 1684 decurrere.

65 1723 173 1777 Omnes
191 1715 240 1768 hee
259 1712 369 1766 nebulas
388 1709 512 1766 diocuffoe
535 1707 586 1764 effe
607 1710 731 1772 arbitror,
756 1710 790 1773 fi,
808 1712 881 1785 quod
895 1713 922 1765 iu
935 1714 1009 1768 Note
1028 1733 1112 1787 eppo·

63 1802 124 1863 fui,
146 1799 376 1855 animaduerteris:
408 1797 466 1851 Nili
488 1794 553 1851 ostie
574 1797 628 1850 duo
650 1812 781 1858 extreme,
815 1797 848 1849 ab
866 1799 1002 1853 occidente
1021 1801 1112 1855 Cruo-

63 1887 177 1963 picum,
210 1883 243 1938 ab
263 1886 364 1938 oriente
383 1881 562 1944 Pelufitcum,
594 1883 685 1944 innui:
714 1881 768 1935 hoc
790 1881 899 1936 alterum
918 1885 952 1936 od
979 1884 1044 1940 fluet
1061 1888 1112 1940 im·

15 1983 18 1988 “
62 1973 138 2048 perii
155 1971 269 2025 Ptrthici
289 1969 404 2043 spectare
429 1968 508 2022 videri
528 1969 630 2040 potuit,
664 1986 725 2020 cum
742 1966 837 2022 Arubee
859 1969 940 2023 ruodo
962 1974 1039 2026 urmit
1062 1972 1111 2026 do·
1210 1984 1213 1989 ’

65 2058 133 2115 ruiti
154 2055 237 2110 modo
263 2055 385 2109 societate
409 2072 543 2106 armorum
569 2053 651 2107 iuncti
671 2053 798 2107 interiecti
816 2053 904 2109 effeut.
956 2058 1029 2110 Turn
1049 2078 1111 2114 vero

65 2150 185 2200 vicinia
206 2148 374 2195 avtctntum
392 2138 435 2192 vbi
453 2138 607 2199 deduxeris,
632 2137 775 2210 intelliges:
809 2140 928 2193 eundem
948 2143 1047 2196 Nilum
1064 2165 1110 2198 vr·

66 2249 142 2304 gere
166 2235 278 2283 vicinia
302 2224 442 2296 Perfudit,
479 2225 631 2297 propiorem
655 2222 752 2278 hebere
771 2225 871 2278 cursum
893 2227 976 2282 versut
998 2231 1111 2285 Perthot

66 2314 171 2370 ostium
190 2313 248 2368 Nili
264 2309 436 2365 Pelusiacum.
463 2308 610 2380 secundet
621 2309 693 2364 Gud.
710 2309 784 2381 quod
796 2313 904 2384 erripuit
916 2315 1023 2370 Wakef.
1039 2317 1113 2372 hune

66 2402 100 2456 in
119 2397 245 2453 modum:
279 2400 398 2468 Quaque
415 2395 541 2466 pharetr.
581 2397 620 2450 Et
642 2397 757 2468 diuersa
778 2418 868 2453 ruens.
919 2403 1012 2473 Vsque
1033 2405 1111 2457 colo·

67 2493 156 2542 rotie.
190 2485 228 2539 Vt
240 2482 365 2538 viridem
380 2484 542 2555 Aegyptum
563 2488 649 2552 nigra
660 2482 805 2553 secundet
824 2504 922 2538 arena.
991 2491 1112 2560 2931110

67 2569 254 2642 Rotteud.pr.
268 2586 381 2641 prover.
396 2567 455 2620 lect.
480 2567 529 2621 τοῦ
554 2567 654 2635 Vsque.
699 2567 833 2622 deuectus
850 2571 993 2626 nonnullos
1013 2573 1109 2644 legiss‘e,

66 2677 108 2712 rte
122 2655 241 2717 dubites:
275 2650 441 2723 sensu'plene
461 2649 572 2714 eodem;
602 2651 645 2704 sed
665 2653 751 2705 minus
770 2655 887 2726 poetice;
921 2657 994 2730 quod
1016 2657 1112 2715 declini

67 2745 115 2798 vin
133 2741 262 2803 defertur,
281 2739 309 2793 id
327 2737 365 2792 est
385 2738 532 2791 deuexum.
579 2739 616 2790 ab
637 2731 725 2792 vodis
744 2739 833 2792 Frenc.
915 2753 967 2812 294
984 2751 1015 2797 tn
1034 2745 1111 2799 hano

68 2829 193 2885 Romen.
219 2832 298 2899 regio
314 2840 422 2880 eertum
435 2826 526 2879 Frtuc.
558 2839 634 2878 certe
647 2823 745 2878 Medic.
761 2841 776 2876 e
790 2844 825 2877 m.
840 2844 881 2898 pr.
907 2829 1110 2886 tacentem.

75 3021 163 3079 ciem
194 3015 267 3076 dum
303 3014 459 3090 defertur,
503 3034 578 3094 pro·
618 3012 717 3095 Igitur
737 3027 820 3075 tomo
839 3014 925 3076 locus
940 3013 1002 3076 huc
1015 3016 1113 3079 redit:

73 3140 158 3192 nne,
187 3116 358 3199 sectandae
377 3117 579 3198 Aegyptum,
618 3118 680 3178 Per
702 3131 797 3176 totum
817 3119 1013 3200 Aegyptum,
1043 3140 1115 3179 cum

71 3218 224 3285 viridem
245 3220 328 3280 lueto
345 3239 490 3302 agrorum
504 3239 579 3300 pro·
619 3222 653 3279 iu
678 3219 861 3280 occidentali
885 3221 981 3282 latere
987 3264 997 3294 ,
1035 3225 1117 3283 circe

73 3339 197 3397 ventu,
240 3325 339 3402 nigra
357 3342 482 3391 arena,
517 3342 578 3403 pro
620 3322 786 3404 Canopum
826 3344 895 3385 non
936 3323 1032 3408 longe
1075 3323 1116 3385 eb

74 3428 175 3496 limo:
209 3421 253 3486 est
274 3429 357 3485 euim
378 3445 484 3483 arena
503 3444 580 3505 poo-
619 3425 814 3500 Alexandria,
844 3442 911 3488 tutu
928 3431 963 3487 in
980 3431 1117 3489 oriente·

47 3563 51 3569 ·
76 3532 121 3591 tit
143 3524 243 3609 fimpl.
265 3526 363 3588 solum
391 3531 441 3609 (vt
462 3527 578 3609 Georg.
619 3527 660 3602 li,
689 3527 789 3590 versut
809 3529 884 3592 finee
904 3528 1039 3591 Parthici
1060 3535 1118 3591 im·

75 3630 114 3707 1,
141 3633 202 3694 105
231 3630 378 3691 cumulos
401 3631 490 3690 male
506 3633 582 3712 pin-
622 3634 712 3710 peril,
734 3631 877 3715 adeoque
889 3654 948 3715 per
958 3649 1062 3699 totum,
1071 3639 1120 3695 in·

76 3734 160 3816 guis
174 3753 301 3793 menae
319 3733 359 3794 de
379 3732 477 3816 glebis
496 3748 582 3794 teno-
623 3733 769 3793 seriorem
795 3736 973 3819 Aegyptum
1005 3737 1118 3816 (Delttt

80 3835 181 3901 cibus.
204 3836 320 3897 Lucou.
335 3834 376 3911 11,
390 3843 454 3920 417
467 3834 502 3913 st
514 3857 585 3897 non
623 3842 753 3899 nomine
775 3838 985 3920 celebratum),
1013 3843 1119 3900 omnis

73 3960 147 4026 per
157 3940 265 4023 plana
278 3941 425 4000 iacentes
438 3939 586 4022 Aegypti
626 3943 739 4018 regio,
764 3955 831 4004 toto
853 3964 940 4027 geue,
967 3943 1049 4001 iacit
1058 3942 1119 4020 so·

79 4043 227 4126 libycas
273 4042 370 4104 Nilus
409 4039 586 4122 stagnaret
628 4043 729 4103 lucem
747 4061 891 4115 certam,
915 4047 1007 4127 ponit
1020 4041 1120 4106 salutis

80 4145 247 4229 arenas),·
267 4158 302 4205 et
317 4165 416 4206 ruens
431 4146 588 4209 discurrit
628 4144 713 4227 sporn
739 4167 777 4208 oc
802 4147 963 4222 fiduciam,
1002 4149 1039 4206 iu
1058 4147 1124 4208 leno

84 4253 126 4311 iu
163 4248 297 4332 septem
336 4269 400 4311 ora
444 4249 589 4333 diueqsa.
629 4263 722 4327 arte,
762 4251 930 4335 reparandi
970 4270 1045 4335 opes
1087 4273 1126 4315 ex
