2692 4914
496 98 516 139 ι
603 91 604 94 ,

452 343 528 420 an
570 268 788 416 meavn
812 337 872 414 1v
1112 331 1187 432 773
1302 401 1305 407 .

387 526 941 617 Excvasvsl1

228 700 293 770 De
320 693 598 795 Nympharum
630 691 751 764 domo
779 703 818 759 ei
842 686 966 759 Penei
989 687 1115 786 regia.

241 861 435 946 Georg.1V‚
459 862 522 940 517
562 853 680 933 Pastor
705 849 878 931 Aristaeus
894 851 1038 932 fugiens
1065 851 1192 912 Peneia

157 968 281 1047 Tempe
307 1000 351 1013 -
381 960 492 1040 Tristis
512 959 560 1027 ad
588 961 728 1020 extremi
755 956 894 1034 sacrum
916 969 1029 1034 >capue
1063 951 1191 1031 adstitit

151 1072 265 1130 amnis
278 1098 320 1124 ι-
335 1068 394 1130 321
433 1066 548 1123 Mater
567 1083 654 1145 quae
672 1061 816 1139 gurgitis
836 1057 933 1116 leuius
951 1061 1025 1118 Ima
1050 1072 1192 1117 tenes-

152 1175 221 1236 353
236 1171 288 1233 At
303 1181 411 1229 mater
421 1165 575 1242 sonitum
597 1163 746 1222 elealemo
756 1160 824 1239 sub
837 1159 992 1240 fluminis
1011 1160 1075 1221 alti
1089 1158 1192 1234 Senfie

152 1307 200 1326 .-
214 1276 277 1352 359
288 1269 393 1348 fimul
418 1269 492 1328 alta
528 1266 621 1328 iubet
646 1264 815 1326 discedere
848 1263 918 1322 late
950 1263 1104 1323 Flumina
1124 1285 1192 1345 qua
1237 1328 1239 1332 ,

153 1375 282 1455 greffus
302 1373 452 1454 inferret.
502 1367 553 1434 Ac
582 1369 675 1429 illum
696 1368 845 1428 Curuata
866 1369 902 1426 iu
921 1368 1042 1430 montis
1060 1368 1192 1447 faeiem

156 1474 372 1554 circumstetit
389 1471 501 1541 vada,
530 1472 737 1555 Accepitque
747 1469 825 1544 sinu
847 1465 939 1546 vasto
957 1468 1106 1551 misitque
1124 1469 1201 1549 sub

155 1599 301 1644 amnem,
341 1580 481 1660 Iamque
501 1573 635 1635 domum
652 1575 778 1632 mirans
800 1573 977 1650 genetricis
1004 1587 1038 1632 οι
1056 1572 1195 1638 hrcmida

155 1702 285 1760 regna,
326 1679 559 1762 Speluncisque
584 1677 676 1737 lacus
702 1674 829 1752 clausos
849 1673 1004 1757 lucosque
1025 1675 1196 1753 sinantia,

155 1785 237 1847 Ibat
265 1796 317 1851 et,
354 1783 483 1864 ingenti
507 1794 599 1840 motu
619 1776 828 1861 stupefactus
854 1796 1040 1858 aquarum,
1076 1780 1198 1839 Omnia

145 1885 220 1966 sub
244 1904 369 1964 magna
397 1882 546 1943 labentia
563 1880 713 1961 flumina
741 1893 833 1938 terra
858 1878 1036 1960 Spectabat
1065 1878 1197 1961 discessu

157 1990 300 2051 locis-
325 1988 372 2046 Et
392 1998 493 2066 eaput
504 1999 562 2047 etc.
619 1981 769 2045 Nondum
788 1981 891 2043 locum
911 1983 975 2041 vidi
996 1983 1106 2057 aliurn,
1141 1989 1198 2069 qui
1307 2056 1310 2061 ,

158 2112 235 2153 cum
263 2088 325 2152 hoc
350 2090 521 2170 comparari
548 2080 656 2166 polla,
699 2103 732 2144 et
758 2103 844 2144 noua
872 2102 907 2143 ac
927 2088 1005 2145 mira
1027 2081 1072 2147 est
1092 2107 1199 2148 rerum

159 2194 274 2266 iacies,
310 2211 405 2275 quam
426 2209 469 2248 ex
485 2188 549 2248 hoc
569 2186 639 2269 ¹l’s0
659 2186 731 2246 loco
752 2185 835 2266 apud
855 2191 992 2248 enlmum
1014 2188 1199 2252 adumbrare

158 2291 283 2360 necelle
297 2289 357 2362 est3
378 2291 494 2352 somnia
510 2304 625 2363 autem,
648 2309 728 2372 quae
742 2303 859 2350 veteres
873 2310 931 2369 pro
945 2289 998 2350 suo
1013 2295 1143 2375 quisque
1152 2296 1201 2354 in-

159 2402 259 2483 genio
275 2396 314 2457 de
328 2395 458 2455 Oceano
474 2407 588 2453 terram
601 2390 758 2453 ambiente
772 2392 873 2452 multis
888 2393 988 2454 modis
1001 2390 1200 2470 affinxerunt,

161 2506 202 2563 in
223 2519 320 2560 vnum
338 2497 503 2579 colligere,
529 2510 618 2555 etex
640 2497 675 2554 iis
697 2514 817 2554 nouum
832 2495 914 2554 aliud
935 2499 1047 2557 iterum
1059 2497 1201 2574 fabulari,

165 2605 218 2666 cui
235 2600 311 2660 alius
333 2598 417 2659 aliud
440 2619 478 2658 ex
499 2597 561 2658 alio
583 2592 755 2669 lhbstituat,
792 2594 846 2657 etfi
867 2597 978 2679 sagacis
998 2604 1116 2684 ingenii
1137 2600 1203 2661 lau·

164 2705 241 2764 dem
262 2699 375 2761 habere
396 2696 514 2780 potest,
549 2718 616 2760 non
637 2694 805 2758 esttamen
826 2703 1030 2781 interpretari.
1088 2703 1204 2763 Narrat

162 2819 263 2888 poeta
283 2799 398 2866 vallam
420 2801 554 2884 aliquam
573 2799 626 2860 sub
648 2814 729 2861 terra
752 2819 936 2875 cauermm,
974 2822 992 2862 e
1015 2808 1203 2887 quaomnia

165 2906 299 2968 flumina
318 2919 387 2967 orta
406 2899 530 2964 diuersis
559 2906 615 2963 viia
635 2897 674 2962 ad
695 2917 794 2964 terrae
813 2900 1002 2984 superficiem
1022 2921 1204 2987 properent,

166 3008 224 3070 vbi
243 3008 296 3071 illa
316 3006 369 3068 luo
391 3004 540 3089 quodque
559 3004 648 3067 fonte
664 3026 702 3065 ex
715 3020 795 3066 terra
808 3005 972 3086 prodeant,
1014 3006 1207 3069 Adumbrata

167 3113 239 3173 fere
261 3131 309 3171 res
331 3109 370 3168 ad
391 3129 461 3169 eam
476 3106 626 3190 speciem,
665 3128 724 3190 qua
745 3111 779 3171 in
796 3107 871 3170 locis
890 3108 994 3170 inferis
1013 3106 1112 3191 polita
1134 3129 1207 3169 nar·

170 3226 282 3276 rantur
310 3230 366 3282 ee,
409 3230 490 3293 quae
512 3208 602 3291 supra
623 3223 735 3270 terram
766 3208 851 3284 lunt,
888 3225 921 3270 vt
941 3211 1020 3286 luci,
1059 3210 1206 3274 [luminat

170 3336 204 3380 v.
225 3334 250 3373 c.
273 3312 367 3372 Ouid.
382 3312 460 3372 Met.
475 3311 501 3387 1,
525 3314 594 3394 189.
635 3309 738 3372 Valer.
759 3312 856 3373 Flacc.
876 3312 931 3386 111,
955 3320 1019 3393 402
1032 3312 1117 3398 sqq„
1153 3328 1208 3375 aut

172 3413 437 3501 quemadmodum
466 3415 540 3503 Styx
564 3430 597 3476 et
623 3413 767 3475 Acheron
795 3435 833 3474 ax
858 3414 963 3475 inferis
992 3432 1153 3499 emergimt
1177 3430 1211 3477 at

174 3518 265 3600 supra
294 3531 409 3577 terram
441 3513 501 3576 sele
529 3512 703 3581 effundunt.
760 3517 941 3596 Comparari
959 3514 1060 3598 potest
1079 3518 1211 3601 priscum

174 3617 254 3684 illud
275 3613 509 3698 philosophema
536 3619 576 3679 de
605 3640 718 3703 magna
745 3623 779 3679 in
800 3636 899 3681 terrae
920 3619 1079 3681 visceribus
1107 3617 1212 3705 abyll'o

177 3735 213 3782 et
241 3738 391 3802 uquamm
418 3722 632 3801 receptaculo:
674 3723 804 3805 dequo
830 3721 997 3784 secundum
1024 3725 1213 3806 antiquiores

177 3822 269 3884 Plato
297 3821 464 3901 disputauit
490 3826 525 3886 in
545 3822 714 3886 Phaedone
734 3826 827 3892 Tom,
842 3824 868 3901 Ι,
894 3820 966 3908 με.
987 3845 1045 3885 112
1070 3825 1213 3905 (Bipont.

179 3946 214 4007 p.
230 3924 292 3986 253
305 3921 369 4005 sq.)
400 3938 432 3984 et
461 3939 570 3986 contra
597 3947 669 3988 eum
688 3923 864 3989 Aristoteles
893 3926 1103 4010 Meteorolog.
1121 3924 1161 3999 H,
1184 3945 1214 4001 2,

182 4048 216 4108 p.
230 4045 303 4106 779,
326 4025 360 4085 Β.
383 4025 419 4087 C.
442 4026 485 4088 du
504 4026 602 4101 vall,
631 4032 693 4095 ‘cui
713 4032 805 4095 inniti
831 4044 908 4112 puto
930 4032 1140 4093 narrationem
1164 4046 1215 4108 ap.

185 4130 296 4188 Senec.
310 4128 382 4192 Nau
396 4128 457 4210 Qu.
472 4129 513 4202 V,
534 4135 572 4195 15
598 4152 635 4192 ex
650 4131 883 4214 Asclepiodoto:
928 4130 1079 4213 demrffos
1098 4150 1121 4189 a
1139 4128 1217 4189 Phi.

124 4308 131 4323 .
186 4232 278 4313 lippo
300 4232 336 4289 ia
357 4229 527 4293 metallum
554 4237 727 4319 antiquum
748 4236 826 4296 olim
846 4231 1035 4310 destitutum
1053 4267 1096 4305 -,-
1115 4233 1217 4313 longa

189 4336 250 4394 oia
267 4333 457 4415 fugituros,
495 4335 569 4398 vidi
595 4358 613 4397 e
630 4336 779 4418 flumina
806 4339 958 4417 ingentia
986 4350 1022 4400 at
1046 4352 1222 4422 eoneaptru
