2692 4914
184 309 968 415 onoaoroonnm.1r,243-253
1026 315 1105 421 *463

67 505 220 600 Pinguis
241 505 333 573 item
355 516 453 598 quae
478 486 520 570 fit
540 497 667 591 tellus,
706 496 786 573 hoc
807 499 971 601 denique
992 519 1104 602 pacto
1165 557 1168 562 -
1274 573 1277 581 ,

66 636 272 711 Discimus:
310 630 414 705 haud
428 657 604 733 umquam
619 633 790 706 manibus
805 637 940 707 iactata
960 634 1102 730 fatiscit,
1215 684 1221 697 ·

66 769 143 847 Sed
178 773 272 871 picis
317 771 358 840 in
390 791 536 840 morem
572 767 621 841 ad
664 769 799 866 digitos
835 766 1001 843 lentescit
1037 770 1102 842 ha·

511 990 518 1011 ,
688 900 828 975 bondo.
1027 904 1127 992 259'

66 1036 234 1111 Humida
262 1038 423 1108 maiores
449 1030 584 1108 herbas
611 1031 693 1125 alit',
735 1033 885 1136 ipsaque
907 1021 1001 1111 iusto

64 1177 236 1260 Laetior,
276 1168 324 1240 ah
347 1171 504 1240 nimium
528 1191 577 1241 ne
598 1163 641 1239 fit
663 1166 755 1242 mihi
773 1167 903 1252 fertilis
928 1170 1002 1264 illa,

65 1311 153 1382 Neu
175 1303 211 1378 se
230 1301 487 1404 praeualidam
509 1306 637 1401 primis
662 1299 830 1378 ostendat
856 1300 989 1379 aristis!

147 1515 197 1584 248
216 1517 299 1569 tellus
320 1527 394 1585 quae
415 1511 458 1583 fit
480 1513 546 1567 alter
568 1514 666 1569 Monet.
693 1530 720 1568 et
746 1515 830 1570 Goth.
857 1514 907 1570 sec.
985 1523 1104 1588 249221

65 1621 203 1674 umquam
216 1603 322 1672 Menag.
343 1618 382 1673 pr.
419 1599 559 1651 mannua.
569 1613 694 1651 tractata
711 1600 814 1654 emend.
829 1599 935 1654 Wakef.
952 1600 985 1654 ad
998 1605 1101 1657 Lucret.

65 1689 115 1749 lv,
131 1689 191 1740 231.
260 1687 311 1741 250
330 1684 370 1737 ad
391 1682 462 1737 deest
474 1684 565 1755 fragm.
583 1680 681 1737 Moror.
695 1700 721 1737 et
735 1703 750 1739 a
764 1683 813 1738 icc.
831 1704 866 1738 m.
888 1702 980 1757 quarto
993 1687 1102 1750 Moror..

64 1771 97 1827 ir
113 1769 197 1826 Goth.
218 1790 257 1843 pr.
325 1773 374 1826 251
397 1766 694 1822 alaierbaszulich.
763 1771 1103 1833 admirabamur

66 1856 162 1918 multi,
181 1872 208 1909 vt
223 1854 313 1910 solent.
351 1875 387 1908 ne
397 1853 439 1925 fit
456 1852 509 1906 aibr·
528 1853 582 1907 Eri.
614 1853 728 1925 fertilis
747 1873 807 1907 vna
827 1855 933 1927 Menag.
948 1871 1004 1928 pn,
1036 1855 1105 1911 ande
1150 1878 1151 1885 ¹

66 1941 160 1998 Heius.
182 1942 251 1995 coni.
271 1957 359 1999 uuae.
393 1943 456 1994 vlla
472 1939 525 1993 Eri.
547 1957 610 1991 am.
625 1959 664 2010 pr.
733 1941 784 1994 253
800 1939 907 2010 Necse
893 1944 1105 2014 evrerqquo·

67 2028 121 2083 (iic.
140 2046 200 2082 cum
214 2028 337 2081 Romano
358 2041 385 2080 et
405 2024 477 2085 aliis,
499 2025 578 2078 etiam
592 2022 663 2098 apud
676 2001 829 2078 Matrinum.
863 2021 908 2079 Ne
916 2027 954 2098 so
972 2028 1016 2081 alii
1035 2029 1107 2100 apud

65 2115 202 2176 Pierium,
229 2129 255 2167 et
272 2110 388 2166 Parthas.
438 2113 501 2163 Heu
528 2129 594 2164 unua
625 2108 748 2163 Arunda!
788 2117 973 2182 praecipitem
995 2111 1104 2168 zulich.

69 2197 196 2272 ostendit
208 2199 277 2251 Van.
314 2196 434 2269 ostentet
452 2195 530 2250 Aldd.
546 2213 587 2268 pr.
601 2210 627 2249 at
640 2193 689 2248 sec.
704 2210 732 2250 at
744 2195 831 2261 lunt„
851 2196 924 2269 quod
943 2195 1030 2271 placer
1040 2199 1106 2253 flur·

67 2303 170 2340 manno
192 2284 224 2337 de
240 2299 308 2339 terra
326 2279 399 2355 quasi
417 2281 557 2355 gloriante„

68 2454 254 2543 exquisitum
261 2461 285 2531 ,'
310 2457 474 2519 transferre
505 2458 573 2536 epi·
611 2450 644 2528 1,
668 2448 732 2518 313
769 2450 926 2515 Annium
946 2455 983 2516 ιἰι
1000 2455 1106 2538 digito

68 2561 160 2624 theta
203 2560 242 2619 ad
282 2560 441 2631 adiuncta3
498 2555 570 2618 binc
601 2556 881 2635 subtercemtatur
939 2554 1106 2630 habendo,

69 2662 180 2741 tristia
201 2681 270 2723 ora.
388 2697 393 2708 ·
612 2660 685 2718 dum
701 2656 841 2733 habetur,
864 2675 1019 2721 tractatur.
1057 2636 1107 2721 Ad

115 2766 295 2842 248-250.
315 2761 434 2843 Pingue
449 2776 481 2820 et
503 2760 570 2842 glu-
611 2782 676 2821 rem
696 2760 734 2819 cf.
751 2761 829 2819 Plin.
849 2763 955 2835 xv11,
979 2769 1011 2839 4,
1033 2760 1053 2821 Γ.
1075 2765 1106 2825 3.

68 2865 205 2928 tinosum
228 2864 385 2946 (idemque
402 2862 503 2943 dulce)
523 2861 570 2923 so·
613 2863 735 2924 Colum.
766 2862 813 2935 11,
838 2885 856 2923 2
864 2906 875 2937 ,
900 2867 938 2927 18
979 2865 1107 2948 laudato

67 2971 138 3031 lum
157 2982 240 3026 tactu
255 2965 457 3050 cognoscitur.
501 2986 570 3024 ma-
612 2963 767 3026 hocloco.

69 3071 172 3132 nibus
187 3071 326 3137 ιἰιοιαιιι,
347 3067 473 3141 versata,
493 3081 570 3126 trac·
658 3069 729 3131 251.
751 3065 822 3128 252.
843 3066 914 3128 253.
937 3067 1108 3128 Humidum

73 3189 153 3246 tata,
170 3177 249 3239 trita.
262 3171 409 3253 fatzscit,
423 3173 571 3241 atteritur,
613 3167 711 3230 solum
740 3166 845 3249 prodit
873 3166 903 3228 se
929 3166 1031 3229 herbis
1059 3174 1107 3230 ni·

71 3292 107 3337 vt
130 3274 222 3335 abeat
241 3279 275 3334 in
296 3272 453 3340 arentum,
474 3269 572 3331 solua·
613 3274 710 3330 mium
725 3269 955 3331 luxuriantibus.
998 3270 1043 3329 alr
1058 3273 1109 3330 ni·

72 3381 178 3439 turin
197 3379 359 3457 puluerem
379 3373 464 3434 arida
482 3373 571 3432 sacta.
614 3375 716 3433 mium
735 3393 787 3431 ne.
828 3373 959 3454 Egregia
978 3378 1106 3436 variatio

72 3503 103 3541 v.
128 3481 187 3540 Ge.
209 3480 241 3551 Ι,
272 3481 331 3542 180
371 3476 477 3558 ibique
497 3476 572 3538 Not.
614 3479 696 3548 eius,
725 3474 811 3557 quod
829 3472 1004 3556 [impliciter
1019 3472 1110 3537 effer-

73 3579 126 3643 ad
152 3580 273 3659 digitos
299 3580 463 3657 lentescit,
490 3578 573 3637 lenta
613 3573 799 3639 rent‘nostri
821 3575 978 3639 homines:
1017 3578 1109 3662 quod

73 3683 223 3746 adhaeret
249 3682 367 3765 digitis,
407 3678 574 3749 habendo,
615 3695 726 3740 terrae
764 3698 869 3757 genus
908 3701 1003 3740 nemo
1043 3681 1109 3758 libi

75 3789 155 3849 dnm
182 3785 322 3846 manibus
350 3783 496 3844 habetur:
541 3796 575 3842 vt
616 3797 715 3864 optet.
763 3782 874 3842 Similis
894 3781 1027 3845 inueriio
1048 3785 1108 3846 Ga.

72 3893 156 3951 Aen.
172 3890 243 3962 ΧΠ,
262 3890 304 3952 88
338 3900 433 3971 aptat
451 3884 575 3943 haben·
614 3885 648 3961 1,
666 3886 730 3963 456
758 3884 834 3944 Non
855 3884 915 3943 illa
935 3888 1109 3969 qaisquam

73 3991 122 4052 do
146 3992 287 4069 Ensem:
324 4005 357 4048 vt
378 3986 485 4048 haberi
506 3988 575 4069 pos·
616 4004 668 4047 me
694 4000 791 4045 nocco
824 4007 887 4067 per
921 3989 1027 4048 altum
1053 3994 1108 4049 Iro

71 4094 113 4156 fit
129 4093 169 4153 ab
186 4115 243 4165 eo;
271 4105 304 4150 vt
320 4094 574 4171 capiaturmanu.
615 4089 746 4156 iubeat,
780 4085 832 4148 vbi
856 4107 883 4146 v.
904 4089 977 4153 Not.
1026 4089 1105 4148 Rem
1200 4129 1203 4137 ,

71 4195 234 4256 habendo
250 4189 383 4274 paffiue,
404 4193 575 4254 vtLucret.
617 4214 645 4253 v.
681 4212 730 4273 ap.
760 4189 838 4250 Plin.
867 4187 888 4246 1.
916 4189 937 4248 1.
992 4192 1108 4270 prinus
