2692 4914
89 294 91 298 ‘
142 328 960 436 euonercouuru.1u,-2a·-2a9
1028 339 1104 440 599

130 515 206 592 Sed
227 512 322 614 fugit
346 518 508 607 interea,
547 513 645 617 fugit
663 517 910 619 inreparabile
941 539 1101 624 tempus,
1227 606 1238 616 ,,

56 650 215 750 Singula
241 649 331 722 dum
353 656 454 750 capti
474 654 813 726 circumuectamur
836 679 976 728 amore.
1025 659 1100 734 2a5
1278 716 1326 755 ἱ,

10 800 15 850 r
58 787 148 859 Hoc
173 781 252 856 satis
275 790 463 859 armentis.
520 787 678 886 Superat
700 810 786 886 pars
809 785 925 862 altera
948 815 1075 886 curae,

10 941 14 986 ι
59 918 265 1016 Lanigeros
289 922 429 1018 agitare
456 943 585 1019 greges
611 917 802 1022 hirtasque
824 908 997 1021 capellas.
1095 940 1103 952 ⁴

59 1057 135 1129 Hic
158 1051 285 1142 labor;
326 1053 418 1128 hinc
437 1052 590 1126 laudem
610 1049 727 1181 fortps
747 1052 888 1154 sperate
909 1056 1049 1133 coloni.

58 1191 144 1264 Nec
156 1185 235 1260 lum
252 1190 368 1259 animi
383 1186 536 1278 dubius,
567 1184 689 1262 verbio¹
705 1213 750 1263 ea
763 1193 913 1264 vincere
924 1216 1104 1293 magnum

59 1367 171 1442 11‚129.
213 1369 267 1422 Vix
287 1367 424 1440 probabile
450 1369 480 1424 lit
498 1369 526 1423 in
548 1372 738 1426 caminatam
763 1371 898 1425 elaborato
918 1389 1024 1444 poetam
1049 1377 1104 1432 hoc

61 1453 198 1511 admifiss't.
234 1452 340 1515 Restat,
360 1472 387 1510 vt
404 1454 577 1509 iudicandum
596 1457 642 1520 fit,
663 1472 719 1510 vtro
739 1456 800 1510 loco
821 1457 929 1510 insertus
951 1459 1001 1514 ella
1021 1461 1102 1517 rideri

59 1540 142 1616 pollii
161 1538 193 1593 ab
213 1539 264 1593 alia
285 1557 374 1593 mana.
422 1543 479 1594 lam
501 1543 529 1594 iu
552 1541 681 1613 praesenti
696 1541 758 1594 loco
778 1541 820 1594 vix
849 1546 916 1594 beno
940 1563 973 1598 eo
1003 1565 1101 1603 emeat.

58 1627 151 1684 Altero
170 1626 241 1688 loco,
260 1625 358 1697 Georg.
373 1627 407 1688 11,
424 1644 481 1698 ¹²9·
500 1628 594 1681 melior
610 1625 698 1687 abest,
719 1644 781 1679 cum
797 1625 835 1679 ibi
853 1627 886 1679 de
901 1629 1027 1684 venalicio
1043 1652 1104 1704 pro·

61 1713 122 1786 pria
141 1711 212 1764 dicto
233 1726 339 1782 agatur,
361 1730 438 1766 rcum
458 1731 512 1784 quo
532 1712 663 1775 carmina,
694 1713 784 1765 verba
803 1730 862 1766 nort
883 1722 1020 1775 innoxia.
1047 1736 1104 1774 non

60 1797 204 1852 mollario
223 1798 365 1849 coniuncta
386 1796 460 1850 suut:
494 1798 546 1851 vid.
569 1798 603 1850 ad
621 1816 645 1850 a.
666 1796 684 1850 l.
707 1798 821 1850 Brunck.
901 1800 953 1869 284
971 1806 1105 1853 irremea-

62 1885 125 1938 bile
143 1897 248 1952 tempus
262 1881 380 1943 zulich..
408 1897 435 1937 vt
453 1897 479 1936 at
498 1902 563 1937 vuua
580 1883 758 1952 Aen-deq
790 1880 902 1935 exhibet.
923 1884 993 1935 conf.
1011 1887 1102 1941 Barna.
1128 1947 1131 1953 ¹

59 1970 100 2024 ad
114 1968 221 2024 Anthol.
239 1969 295 2019 Lat.
312 1985 337 2036 p.
354 1967 411 2020 131.
480 1971 532 2046 285
545 1988 606 2020 oum
619 1969 745 2023 Rottend.
761 1966 805 2022 alt.
842 1976 917 2038 rapti
931 1969 999 2020 Veri.
1027 1979 1105 2042 rapti

62 2065 171 2112 droam
181 2050 392 2124 sectamurlirf.
461 2055 513 2110 286
532 2050 587 2107 Hic
601 2054 670 2107 Ven.
707 2051 837 2126 Superest
858 2051 957 2107 Medic.
973 2071 1038 2109 am.
1052 2057 1102 2110 [σε.

60 2142 117 2209 287
137 2141 296 2208 Lanigero-r
316 2135 360 2190 alt.
377 2137 484 2210 Mouag.
553 2140 605 2194 288
624 2141 700 2192 Hinc
720 2141 805 2193 labor
826 2139 926 2193 Medic.
946 2139 1024 2194 Pierii
1042 2159 1105 2213 cum

61 2224 125 2281 aliia
146 2223 280 2298 pluributr
311 2237 337 2276 at
353 2221 389 2276 lic
409 2221 470 2277 edd.
488 2223 556 2296 vulg.
577 2240 638 2278 anta
649 2221 804 2285 Heinfium,
830 2225 875 2295 qui
888 2223 956 2277 hena
968 2218 1105 2283 reuocauit

63 2313 138 2371 llic,
169 2307 242 2382 quod
263 2307 317 2360 iam
337 2308 454 2380 Nauger.
476 2308 634 2382 reposuerat.
683 2310 726 2363 sic
746 2309 845 2364 Medic.
864 2311 944 2362 Rom.
964 2326 992 2365 et
1009 2312 1103 2384 fragm.

61 2396 153 2450 Vatic.
188 2392 289 2447 lauder
302 2392 418 2445 Parrhal.
432 2395 530 2466 Regius
548 2410 575 2448 at
596 2412 661 2448 vuar
676 2394 766 2448 Mead.
792 2393 916 2463 sperare
928 2397 998 2450 Van.
1018 2398 1104 2453 Goth.

62 2498 173 2554 vterque
191 2494 219 2532 et
235 2477 296 2530 add.
319 2479 479 2548 Veu.1475.
501 2482 573 2547 1476.
643 2481 695 2550 289
713 2480 782 2536 Nojn
791 2479 859 2550 sum
881 2482 1007 2535 Rottaud.
1028 2483 1103 2539 Laid.
1194 2544 1197 2552 ,

64 2559 141 2622 alter.
175 2565 270 2620 verbra
288 2571 419 2618 euincere
439 2564 596 2625 Gudianus,
629 2580 656 2618 vt
674 2566 777 2618 Lucret.
799 2564 833 2624 .V‚
851 2584 898 2619 roo
937 2575 1106 2635 peruincere

64 2653 162 2708 dictis.
201 2670 245 2702 me
265 2657 382 2702 vincere
401 2649 471 2704 Van.
508 2652 612 2703 Lucrct.
632 2649 665 2711 V,
686 2651 738 2720 734
768 2647 900 2720 Difficile
928 2651 969 2724 est
994 2662 1107 2716 tattone

66 2739 174 2792 docere
196 2750 224 2788 et
243 2740 359 2787 vincere
380 2737 483 2788 verbis.

64 2878 117 2940 lua
144 2877 265 2957 legitur.
327 2873 459 2933 Videtur
484 2877 568 2956 cogi·
611 2887 685 2933 tare
708 2890 826 2951 greges
852 2876 980 2952 proprie
1003 2893 1106 2956 agere,

63 2979 198 3041 tandum
221 2976 261 3036 de
282 2997 389 3037 amore
411 2975 569 3036 Phaedrae
609 2975 746 3056 pascere,
761 2973 975 3035 hincomnino
989 2996 1107 3041 curare.

65 3086 104 3143 in
146 3079 351 3161 Hippolytum
394 3094 446 3138 aut
480 3076 569 3138 fimili
613 3081 684 3141 288.
714 3078 752 3139 ln
787 3075 847 3137 hoc
880 3095 976 3156 opera
1010 3075 1110 3140 vestra

66 3185 133 3246 alio
154 3200 311 3243 nouercae
330 3182 364 3237 in
380 3184 568 3263 priuignum.
611 3177 709 3261 polita
732 3177 815 3256 esto;
854 3198 928 3238 cura
953 3180 1109 3258 pecudum

67 3278 158 3350 383.ι
180 3304 249 3343 noa
279 3284 421 3341 innoxia
454 3281 571 3350 verba,
610 3281 698 3342 vobis
712 3283 852 3362 inprimis
866 3281 953 3341 cordi
965 3277 1011 3341 fit.
1031 3282 1110 3361 for·

66 3391 326 3460 incantationum,
354 3389 487 3445 carmina
506 3403 570 3444 ma·
611 3397 660 3443 tes
686 3381 717 3442 h.
747 3383 768 3442 l.
799 3395 898 3442 ornat.
962 3382 1109 3457 iltrudem,

68 3495 149 3576 gira.
611 3485 708 3568 qualis
724 3482 852 3544 boniac
872 3484 1033 3563 prudentio
1053 3508 1109 3568 pa·

135 3587 333 3668 284-403.
371 3587 571 3648 Tranoltusa
613 3586 796 3646 trislamiliaa
813 3582 873 3645 effe
894 3586 1004 3666 potest
1079 3645 1082 3650 .
1125 3577 1128 3581 ’

69 3715 146 3757 cura
168 3705 379 3752 armentorum
400 3691 441 3750 ad
466 3709 571 3749 curam
657 3690 851 3768 ²89-293·
882 3689 961 3748 Satio
984 3685 1111 3770 quidem

69 3802 182 3860 ouium
207 3806 238 3852 et
260 3811 429 3872 caprarum.
487 3792 572 3850 Dum
614 3794 702 3862 noui,
720 3809 813 3871 quam
831 3785 955 3850 difficile
968 3787 1014 3862 fit,
1035 3789 1112 3856 haec

69 3901 179 3962 omnia
201 3892 279 3954 haec
300 3894 340 3954 da
363 3909 574 3954 armentomur
615 3895 739 3972 poetica
769 3895 913 3952 oratione
947 3893 1112 3952 commoda

69 4022 147 4064 cura
167 3997 319 4082 [igillatim
340 4010 585 4079 pertractamus.
616 3997 798 4075 exprimere,
817 4007 989 4055 otrentum
1005 4007 1113 4053 tenues

68 4102 191 4186 liugada
219 4094 449 4180 perlustramur,
492 4102 576 4178 capti
616 4117 675 4178 pro
703 4098 852 4179 dignitate
878 4099 1019 4155 carminis
1045 4093 1114 4157 satit

70 4206 184 4268 harum
210 4221 314 4261 rerum
342 4197 453 4262 studio.
503 4201 575 4280 agi·
618 4212 728 4261 ornate
749 4205 1014 4267 commemorare?
1052 4197 1115 4267 Sed

13 4330 30 4353 ·
116 4303 257 4367 Tomi
668 4299 759 4385 Yyy
