2700 4906
33 334 36 342 ·
146 345 223 422 410
357 265 1009 404 ttv1ao1n11nta0n1s‘

148 526 254 612 Huc,
279 532 388 622 pater
408 541 433 590 o
448 517 617 602 Lenaee;
655 517 729 586 tuis
751 509 814 584 hic
834 514 963 583 omnia
982 507 1101 611 plena

149 653 395 744 Muneribus;
421 649 489 724 tibi
512 645 714 749 pampineo
736 642 912 746 grauidas
932 660 1143 720 auctumno
1173 637 1197 715 5

149 792 276 870 Floret
298 813 405 890 ager,
444 759 588 885 spumat
608 780 729 884 plenis
750 777 941 856 vindemia
963 778 1100 869 labaim

151 930 257 1016 Huc,
287 941 439 1024 patero
460 923 628 1009 Lenaee,
654 918 760 1005 veni3
791 915 1014 1019 nudataque
1035 908 1158 1006 musto

151 1063 303 1159 Tingue
324 1080 429 1131 nouo
449 1028 601 1128 mecum
624 1050 788 1154 dereptis
811 1076 920 1128 crura
942 1047 1151 1128 cothurnis.

153 1263 227 1321 abest
246 1261 326 1337 plane
343 1261 371 1314 in
384 1258 470 1316 MS.“
502 1257 604 1312 Verum
620 1255 705 1314 codex
718 1255 762 1312 ille
776 1256 924 1313 Zolichem.
938 1256 969 1312 in
982 1253 1098 1327 Virgilio
1113 1267 1198 1309 tantu

153 1350 317 1407 auctoritati·
338 1364 396 1399 non
415 1343 460 1400 esi.
495 1345 568 1397 Tum
588 1360 648 1397 vero
668 1343 696 1397 in
718 1360 825 1417 vtraque
846 1345 935 1416 lingua
955 1343 1082 1397 aduertit
1102 1340 1155 1394 loci
1174 1352 1199 1390 et

153 1435 282 1510 temporit
303 1434 371 1487 inter
390 1431 416 1486 se
430 1436 626 1504 permutantur.
669 1430 740 1501 Ergo
761 1445 786 1483 et
808 1429 835 1483 h.
855 1430 874 1483 l.
901 1431 1049 1483 Hactenus
1070 1443 1097 1482 et
1117 1426 1198 1502 Nepae

154 1521 262 1596 proprio
283 1517 368 1592 pofito
388 1516 448 1570 sunt
464 1515 497 1568 da
517 1515 596 1570 locot
638 1533 729 1569 verum
750 1516 877 1590 temporit
898 1516 974 1569 notio
995 1515 1022 1568 ei
1040 1512 1091 1586 ipsi
1109 1509 1197 1567 subest.

154 1607 272 1674 4ch
291 1622 321 1677 p.
344 1621 410 1657 vnua
431 1601 539 1663 Medd..
559 1616 585 1655 vt
598 1615 660 1658 etv.
677 1618 701 1668 7.
739 1611 794 1654 tuis
818 1602 890 1655 haec
911 1621 937 1656 o.
954 1600 1073 1656 tCerdt
1092 1598 1197 1653 editum.

144 1693 219 1764 sunt
245 1692 275 1746 in
300 1707 381 1744 vnum
400 1686 525 1742 arundel.
547 1702 580 1741 ex
604 1684 686 1758 glossa
706 1687 843 1758 migrauit,
887 1703 918 1743 vt
937 1703 964 1743 et
983 1688 1012 1741 in
1034 1684 1109 1740 Vols.
1132 1681 1200 1757 apud

153 1778 245 1832 Burm.
314 1772 469 1846 lidereptia
482 1773 515 1827 ab
530 1771 639 1828 Heinsio
655 1773 722 1827 bene
737 1774 916 1828 emendatum.
953 1772 1075 1841 direpeie
1087 1771 1174 1844 vulgo.

154 1979 278 2037 menta,
323 1967 386 2024 iam
416 1963 492 2023 olim
521 1959 657 2024 Hesiodo
700 1957 772 2024 else.
832 1979 1032 2024 aucenmmes
1071 1959 1200 2045 pampi-

157 2084 286 2128 auctore
325 2065 477 2125 creditum
511 2067 545 2124 in
586 2064 657 2125 loco
700 2063 782 2125 nens
803 2064 846 2127 est
869 2082 1041 2148 prouentus
1063 2081 1200 2125 auctum-

157 2175 213 2252 qui
232 2188 316 2228 nunc
338 2189 409 2227 cum
433 2167 498 2225 aliis
519 2165 658 2246 pluribus
699 2175 733 2232 ni
748 2194 765 2232 e
780 2175 880 2243 vinea,
899 2168 1104 2241 vindemialis,
1127 2159 1199 2230 ὅτιὸ·

153 2292 194 2332 ex
213 2289 309 2349 opere
330 2268 388 2334 τῶν
416 2269 512 2352 ἔργων
534 2268 656 2329 excidit.
699 2297 748 2358 ρα.
790 2272 909 2333 Eadem
925 2270 1053 2330 tandem
1068 2274 1199 2331 notione

65 2440 70 2450 ,
154 2373 236 2435 Plio.
253 2371 325 2443 XV,
347 2395 360 2432 1
386 2369 580 2432 Hesiodus·
601 2392 658 2429 ne·
699 2377 806 2457 paullo
832 2373 902 2456 post
927 2371 1108 2433 vindemia.
1152 2371 1199 2432 Ia·

156 2476 256 2557 gauit
274 2473 368 2532 oleae
383 2473 536 2551 satorem
558 2474 669 2553 fruc·'
701 2479 779 2546 bra,
809 2476 954 2555 (Tibullo
976 2475 1008 2549 I,
1035 2498 1063 2544 1,
1091 2497 1128 2536 to
1154 2475 1198 2533 la.

156 2593 229 2640 tum
247 2597 289 2635 ex
303 2596 344 2634 ea
360 2575 542 2658 percepiffe
558 2598 657 2658 quen.
701 2581 785 2662 con)
817 2579 885 2638 sunt
902 2577 969 2639 vasa
988 2579 1028 2637 ad
1047 2581 1199 2658 recipien-

154 2675 278 2766 quam:
300 2692 370 2736 tam
385 2676 486 2736 tarda
503 2693 583 2738 tuno
605 2700 658 2738 res
700 2684 773 2741 dum
793 2680 921 2741 mustum
940 2696 1022 2762 apta.
1075 2703 1103 2762 7.
1126 2683 1198 2741 Sua·

155 2797 240 2844 orat.
290 2781 373 2841 cons.
394 2781 494 2841 Varro
512 2782 550 2842 R.
577 2784 656 2856 ttl,
700 2780 814 2844 viffima
849 2788 951 2867 imago
980 2781 1095 2843 Bacchi
1128 2803 1196 2843 vuas

154 2893 209 2965 41,
226 2888 255 2948 6.
285 2876 424 2966 δυςαυξὴς
450 2884 531 2944 dicta
552 2884 657 2946 Theo·
700 2887 842 2946 calcantis
883 2908 943 2946 vna
979 2908 1050 2946 cum
1086 2903 1195 2969 poeta,

154 2983 299 3071 phrast03
315 2985 388 3046 hinc
401 3006 576 3068 propagare
592 3010 654 3062 eas,
699 2989 774 3048 dum
798 2991 943 3049 auxilium
964 2987 1020 3049 fibi
1035 3011 1054 3050 a
1076 2992 1137 3052 deo
1154 2990 1195 3051 fe-

155 3110 252 3174 quam
274 3088 389 3161 serere,
434 3091 543 3150 maluit
573 3109 654 3153 aetas
697 3092 828 3152 rendum
840 3097 872 3152 in
887 3098 1023 3155 carmine
1037 3094 1078 3154 de
1093 3099 1194 3154 vinea·

30 3211 34 3219 ’
154 3190 324 3275 posterior:
347 3190 508 3274 conf.31;
544 3196 655 3255 eadem
696 3216 766 3254 rum
799 3197 915 3255 cultura
948 3201 1075 3278 expetit.
1113 3195 1192 3258 coni.

154 3309 261 3354 tamen
282 3308 412 3372 propter
432 3289 492 3352 hoc
518 3294 654 3374 ipsume
697 3293 820 3379 elegans
856 3299 961 3380 Epigr.
1004 3283 1122 3360 Maecii
1160 3303 1192 3361 in

151 3412 283 3459 naturae
299 3395 368 3476 lege
383 3391 470 3455 firma
489 3400 654 3475 acviuax,
695 3400 836 3459 Analect.
865 3400 999 3460 Brunck.
1030 3403 1124 3462 Tom.
1152 3401 1190 3472 Π,

153 3498 210 3560 inf·
231 3500 300 3559 181.
693 3522 765 3584 pag.
795 3503 874 3579 239,
899 3504 954 3562 XI.
1009 3504 1190 3563 cothurna-

214 3605 246 3676 4.
282 3595 451 3677 Splendida
473 3600 650 3663 inuocatiol
694 3619 747 3664 tus
768 3602 919 3664 exhibitus
938 3605 1004 3666 sere
1027 3608 1102 3668 olim
1118 3609 1188 3668 Bac·

152 3732 194 3754 -
218 3699 281 3770 hic,
302 3702 337 3760 in
358 3703 412 3772 iis,
444 3720 524 3781 quae
546 3703 651 3764 dicen·
693 3704 784 3766 chus:
823 3708 908 3788 quod
937 3712 1029 3767 etiam
1057 3732 1075 3771 e
1101 3709 1188 3795 signis

78 3852 84 3862 „
151 3815 203 3862 tur
220 3821 237 3860 a
254 3821 315 3875 me,
336 3805 371 3862 in
385 3818 567 3883 argumento
585 3828 650 3866 car·
692 3810 819 3889 aliisque
838 3817 1048 3873 monumentis
1065 3812 1186 3875 constat.

150 3907 243 3967 minis
258 3906 327 3963 mei.
368 3902 440 3975 ethi,
460 3925 518 3984 pro
533 3927 591 3985 per
606 3924 648 3983 te,
691 3912 817 3971 Calcare
842 3913 974 3991 pedibus
992 3936 1066 3977 vuas
1083 3922 1186 3978 etiam·

151 4007 343 4068 Graecorum
376 4020 541 4086 poetarum
576 4009 647 4089 vsuw;
688 4033 765 4074 num
782 4014 918 4076 initalia
934 4018 1083 4079 sollenne.
1106 4020 1185 4079 Con·

146 4107 301 4172 beneficio
329 4123 394 4167 tuo.
460 4107 581 4178 llorere
603 4110 645 4173 est
686 4117 734 4176 ser
751 4116 992 4179 amoenissimam
1013 4124 1183 4182 vindemiae

141 4210 216 4291 liic,
252 4214 369 4276 loetum
395 4206 472 4289 elle,
514 4212 644 4296 plenum
686 4220 941 4304 descriptionem,
972 4227 1119 4312 aSatyris
1134 4223 1182 4286 ha·
