2692 4914
150 340 224 442 17⁸
357 339 964 436 tavme1m1mtaoms
1020 462 1025 474 .

148 531 247 611 gieae
264 529 440 617 descriptio
458 557 531 605 ¹non
550 534 734 596 abliorrens
753 532 798 594 ab
818 533 883 593 lice
900 530 1047 613 poetices
1069 545 1194 607 genere

151 656 388 716 argumentum
417 640 527 702 videri
556 640 673 711 debet:
708 655 799 700 recte
824 641 912 699 enim
938 652 972 724 et
997 657 1040 695 ex
1067 643 1198 694 nactura

151 740 283 820 nostra,
313 747 582 832 quandoquidem
602 768 762 828 agrorum
783 760 817 805 et
828 745 994 822 filuarum
1005 740 1195 821 solitudine

151 852 238 910 mire
256 848 347 930 affici
364 857 471 915 animi
490 852 593 933 nostri
611 870 646 915 et
672 853 721 914 ad
745 853 937 932 religionem
966 851 1120 932 componi
1135 848 1196 925 so·

151 955 243 1031 lent,
274 957 461 1039 pastoribus
475 963 661 1045 procliuius
674 961 793 1045 paullo
818 974 851 1019 et
867 959 1007 1041 pronius
1026 959 1063 1016 in
1075 956 1197 1036 super·

146 1059 303 1140 stitione
328 1080 362 1127 et
388 1071 536 1148 magicas
556 1071 704 1129 rationec
724 1069 894 1146 ingenium
917 1064 1084 1123 tribuitur.
1141 1065 1197 1122 In·

144 1166 280 1249 scripta
298 1193 397 1248 vero,
428 1173 520 1258 quod
542 1177 671 1255 primus
694 1175 841 1252 Scaliger
866 1169 915 1230 ad
935 1169 1052 1248 Euseb.
1074 1168 1196 1228 caron.

155 1294 243 1337 »οπο
263 1274 348 1337 clocu
365 1294 390 1354 t,
405 1279 458 1358 ‘est
477 1279 604 1359 Ecloga
622 1279 739 1356 Afinio
756 1279 904 1340 Pollioni
922 1297 955 1337 v.
977 1278 1109 1344 6-15‚
1139 1276 1199 1357 ‘11¹⁸'

154 1381 327 1443 eumin!
340 1388 474 1467 yrioum
494 1389 676 1448 exercitum
698 1385 858 1458 ducebat,
888 1398 922 1442 et
948 1385 1018 1441 iam
1038 1380 1114 1457 fiue
1137 1402 1198 1463 pe-

153 1481 256 1562 'defiri
273 1490 394 1551 itinere
412 1490 544 1573 fflriam
564 1492 711 1570 emensus
732 1507 818 1561 erat,
847 1489 922 1566 fiue
948 1491 1050 1550 maris
1072 1488 1200 1569 Illyrici

156 1610 252 1652 aram
272 1595 414 1674 legebat,
442 1614 482 1661 tre
501 1597 550 1660 ad
565 1599 746 1660 Parthinos
761 1599 973 1683 perueniret,
1008 1597 1067 1678 qui
1084 1595 1200 1673 versus

154 1693 393 1764 Macedonicos
411 1704 503 1788 fines
528 1728 599 1768 uon
619 1706 719 1784 louge
741 1725 766 1765 a
790 1703 999 1786 Dyrrhachio
1018 1700 1120 1778 sedes
1139 1703 1200 1760 lta·

153 1800 266 1867 buere.
292 1829 326 1870 ur.
352 1812 500 1893 Appiam.
524 1834 604 1895 pag.
631 1815 711 1878 1135
736 1825 827 1872 eutr.
876 1811 945 1869 Dio
974 1809 1067 1882 XLI,
1097 1830 1125 1870 c.
1145 1810 1202 1889 49,

150 1908 266 1993 ibique
289 1917 454 1991 ztoimar„
496 1923 577 1982 item
603 1920 698 1999 Piglt.
725 1917 851 1980 Annal.
877 1913 927 1975 ad
944 1922 1025 1993 714,
1067 1929 1102 1973 et
1128 1917 1199 1977 Vit.

154 2015 297 2098 Virgilii
315 2023 380 2084 ltoo
398 2046 499 2086 anno.
541 2025 603 2088 Ad
619 2041 771 2088 extrema
790 2026 879 2083 enim
897 2022 994 2081 liuius
1014 2023 1106 2094 anni,
1133 2044 1200 2104 quo

156 2112 267 2183 Pollio
285 2131 491 2207 consulatum
509 2133 662 2213 gefferat,
691 2127 871 2212 referenda
889 2127 952 2208 effe
972 2147 1025 2187 res
1044 2126 1202 2198 videtur,-

157 2246 238 2288 nam
247 2232 408 2316 sequenti
426 2258 517 2298 anno
537 2240 623 2300 VIII
635 2239 708 2299 Kal.
726 2239 811 2299 Nou.
832 2233 1033 2318 triumphum
1052 2231 1096 2292 de
1115 2235 1202 2293 Par·

155 2332 258 2396 tltinis
276 2339 404 2406 habuit.
447 2346 582 2404 Catroei
600 2345 752 2422 argutias
770 2328 980 2424 veteremque
997 2342 1201 2421 opinionem,

157 2458 227 2520 qva
245 2443 295 2503 ad
316 2448 538 2509 Octauianum
562 2471 697 2510 carmen
723 2450 788 2509 lcoc
802 2448 960 2531 spectare
982 2463 1203 2517 memoratur,

156 2551 292 2636 operose
310 2554 435 2632 refellit
454 2559 564 2620 Burm.
591 2555 640 2617 ad
658 2578 690 2618 v.
714 2560 743 2621 6.
773 2557 815 2637 cf.
844 2553 982 2613 Martia.
1044 2553 1201 2615 Ceterum

155 2661 347 2740 comparari
365 2661 466 2723 velim
487 2684 562 2723 curn
582 2663 647 2724 lioc
666 2665 815 2723 carmine
838 2661 935 2743 Popii
956 2655 1071 2720 Pastor.
1093 2663 1155 2721 111.

485 2928 802 2962 ‚we

216 3080 220 3088 ’
299 3127 573 3214 Dauom*
597 3131 1065 3215 ALPHESIBOEVS

155 3259 369 3392 Pastorum
393 3308 537 3383 Musam
564 3313 748 3384 Damonis
780 3328 818 3384 et
844 3305 1094 3408 Alphesiboei,

154 3438 346 3514 Inmemor
369 3445 572 3519 herbarum
597 3474 693 3550 quos
718 3445 769 3521 est
796 3449 928 3518 mirata
959 3449 1124 3523 iuuenca

157 3571 361 3669 Cenantis,
395 3604 558 3680 quorum
585 3581 810 3682 stupefactae
836 3583 1003 3653 carmine
1031 3580 1174 3679 lynces,

225 3756 242 3808 ὅ
263 3767 390 3812 carmine
411 3761 483 3813 Laid.
506 3760 554 3817 [ec.
573 3764 684 3819 Mantel.
704 3785 743 3838 pr.
758 3779 785 3821 et
797 3781 812 3817 a
824 3782 859 3817 m.
876 3782 915 3836 pr.
930 3764 1012 3835 fleg,
1040 3763 1131 3839 fitquc
1148 3767 1199 3824 ms.

157 3837 318 3913 Ltngnich„
344 3862 370 3900 vt
388 3845 420 3901 fit
433 3846 606 3903 Graecismut.

204 4000 293 4060 1—5.
313 3998 425 4061 Manfit
444 4000 504 4063 hoc
523 4024 560 4063 ex
579 4004 653 4086 pris·
695 4021 778 4079 tato,
805 4021 839 4066 vt
854 4021 959 4066 cantus
977 3998 1202 4085 praestantiam

157 4118 264 4159 corum
285 4084 443 4164 homiitum
459 4103 599 4166 sermone
618 4113 654 4168 iu
695 4112 738 4168 ita
766 4108 958 4169 declararent
987 4121 1119 4185 poetae,
1164 4126 1202 4171 vt

154 4198 304 4279 pastoritii
340 4211 482 4277 caminis
513 4205 654 4290 simplici·
694 4210 843 4293 pecudes,
862 4209 951 4284 seros,
976 4224 1009 4271 et
1023 4211 1201 4272 inanimata
