2692 4914
136 301 482 404 Gnonsstcott
506 303 885 394 Ltn.·111,10-13
983 309 1059 396 545

128 487 202 560 ridi
223 490 263 560 in
285 514 419 591 campo
440 489 622 590 templum
643 489 691 563 de
713 514 900 568 marmore
917 520 1058 594 ponam

128 713 138 750 r
168 692 383 775 palmetaque
418 709 518 776 capta
559 696 699 756 Victores
715 709 818 754 autem
835 715 871 756 ex
885 697 1056 781 Olympicis

128 798 145 854 's
184 795 260 854 Nou
294 793 362 870 fibi
395 798 518 876 felices
559 818 596 858 ec
625 800 733 858 ceteris
761 797 839 857 ludis
867 797 934 858 non
958 802 1055 863 modo

167 900 324 978 ponentis
363 897 518 957 Idumes?
557 898 688 961 sollenni
709 917 826 979 pompe
842 899 950 960 vrbem
970 900 1053 963 suurn

158 1016 261 1060 eutem
292 997 380 1059 huius
415 1000 515 1061 verius
557 997 704 1084 ingress'os
726 996 804 1073 effe,
837 1010 1054 1065 verumetiam

128 1118 211 1175 rtem,
231 1118 262 1161 vt
278 1106 442 1183 vnicuique
462 1100 517 1162 ob.
558 1107 704 1163 victoriae
723 1107 860 1183 praemia
877 1099 933 1165 dtis
949 1107 1054 1167 conse-

128 1203 174 1279 est,
195 1210 246 1288 qui
263 1220 517 1286 vtrumquepoe·
559 1201 662 1275 creste,
695 1206 852 1265 interdum
875 1209 968 1266 etiem
989 1204 1052 1268 fluo

128 1312 204 1390 egit,
250 1302 353 1366 noster
372 1307 515 1365 Lucretio
558 1305 709 1385 templum
729 1303 792 1367 iiue
820 1327 902 1366 nram
929 1306 1053 1370 aliudue

137 1415 195 1471 118
214 1410 342 1466 Ennius
357 1423 394 1465 vt
410 1405 518 1482 noster
557 1422 795 1469 monumentum
831 1411 865 1466 in
907 1408 1051 1472 victorine

128 1526 154 1579 t,
183 1513 242 1591 qui
258 1513 387 1589 primus
406 1531 516 1568 amoe-
557 1513 737 1568 memorium
758 1506 925 1570 condidisse
931 1552 943 1582 ,
974 1514 1051 1574 rnul-

128 1613 230 1671 ietulr't
272 1631 313 1668 ex
356 1611 516 1668 Helicone
558 1616 594 1670 tir
623 1632 659 1670 ex
689 1613 872 1690 antiquitate
903 1615 1049 1694 exemplis

128 1716 160 1770 ni
191 1713 312 1792 fronte
345 1732 514 1778 coronam,
557 1732 593 1772 ec
611 1711 704 1770 titulis
724 1709 824 1771 udhuc
845 1711 1051 1792 superstinbus

128 1814 329 1873 eucesltalas
344 1812 514 1872 hominum
535 1800 705 1873 ‘declarari
753 1808 862 1892 potest.
943 1816 1050 1877 Vnum

128 1917 217 1975 clara
234 1917 366 1973 clueret.
482 1972 483 1975 ,
555 1910 804 1975 commemoratio
824 1933 908 1975 nunc
923 1918 1051 1999 quidem

137 2020 220 2076 Haec
236 2033 267 2076 et
282 2035 362 2096 quue
382 2013 515 2097 sequun·
554 2014 624 2075 fetis
643 2012 695 2088 Iit,
739 2015 825 2096 quod
851 2015 977 2078 Athenis
1005 2020 1050 2080 su·

128 2134 149 2179 rt
172 2119 279 2197 templi
300 2115 389 2175 huius
411 2115 514 2176 oedifi—
554 2113 665 2197 petest,
689 2133 924 2177 monumentum
944 2119 1052 2182 choru-

167 2240 257 2300 quanr
292 2222 445 2278 rationem
479 2238 514 2278 ec
555 2223 674 2301 guum,
710 2219 802 2301 vulgo
823 2219 1051 2297 Demosthenis
1088 2230 1092 2240 “

128 2327 271 2382 tctiouem
303 2341 373 2379 cum
404 2324 512 2380 ceteris
553 2321 846 2393 narentanorum,
873 2324 959 2404 quod
980 2323 1050 2405 post

128 2438 170 2494 rt,
200 2422 366 2483 omiserunt
383 2442 512 2506 monere
554 2424 706 2502 Sponium
724 2423 772 2480 Le
788 2424 860 2502 Roy
882 2438 914 2482 et
933 2425 1049 2484 Stuart

128 2538 214 2586 retes.
265 2525 387 2584 Scilicet
413 2527 511 2583 ineo
554 2547 581 2585 c.
602 2525 647 2583 lv
668 2521 823 2584 exhibent.
868 2526 958 2605 Quae
982 2531 1050 2608 qui·

128 2642 186 2686 eret
208 2642 313 2707 poeta,
335 2642 368 2685 vt
387 2625 511 2686 laudem
554 2627 627 2687 dem
649 2646 666 2686 u
688 2624 778 2685 nobis
798 2625 876 2685 dictu
897 2623 920 2684 fi
941 2633 1050 2685 menri·

128 2749 189 2801 rm,
213 2751 307 2811 quam
328 2732 360 2787 in
383 2732 511 2808 patriam
553 2733 651 2793 neris.
686 2724 764 2786 nihil
787 2725 913 2808 quidem
937 2725 1050 2787 abhor-

128 2832 224 2890 redux
250 2832 395 2903 referret,
441 2850 511 2887 cum
553 2851 624 2890 rens
660 2842 712 2887 uut
744 2826 877 2886 insolens
906 2830 940 2885 in
976 2843 1047 2887 totu

128 2954 144 2991 e
173 2947 382 3010 compararet,
418 2951 510 3013 quarn
553 2946 665 3012 poetae
714 2932 848 2987 carmine
896 2944 1047 2989 occurret.

149 3038 231 3093 inter
246 3034 380 3092 Graecos
402 3056 438 3093 ex
455 3032 511 3092 sol·
552 3034 665 3092 Laudis
711 3050 747 3089 ac
791 3034 936 3088 victoriae
979 3029 1050 3090 sune

137 3138 303 3196 certamine
338 3139 435 3193 victor
463 3155 512 3193 re·
553 3138 694 3216 poeticae
727 3144 965 3193 mouumentum
998 3151 1049 3190 ex·

128 3254 164 3298 ct.
207 3239 325 3296 Notum
342 3250 441 3294 autem
457 3231 510 3302 est,
553 3236 647 3297 struet
688 3235 855 3316 tempium,
906 3234 942 3290 in
984 3253 1049 3314 quo

128 3363 139 3399 1
161 3339 343 3401 sollenuium
368 3337 511 3394 ludorum
553 3342 687 3419 praemia
709 3338 867 3417 reportata
880 3344 1050 3414 numquam

128 3447 200 3502 teciu
222 3462 319 3522 genus
338 3435 442 3503 fuisse.
478 3441 512 3495 in
554 3442 681 3501 donaria
700 3436 875 3513 consecret3
899 3436 1050 3515 templum
1079 3461 1080 3464 ¹

128 3566 165 3604 nn
184 3564 223 3603 eo
240 3558 378 3620 ternpore
395 3544 512 3622 ingenii
554 3559 656 3603 autern
678 3540 835 3623 ingeniose
850 3537 917 3598 sutis
938 3543 980 3597 ita
1000 3559 1051 3598 or·

128 3651 202 3715 rina,
238 3641 349 3719 ἀγῶνες
368 3645 511 3720 μουσικοὶ,
553 3660 623 3717 nat,
654 3658 686 3702 vt
705 3637 840 3722 Augusso
865 3659 932 3700 nou
953 3639 1050 3701 modo

128 3751 234 3818 entiae,
263 3749 400 3825 poetices
418 3750 513 3825 inpri·
555 3730 745 3815 dedicatum,
781 3740 832 3801 sed
854 3757 885 3801 et
906 3741 1050 3800 omnibus

146 3847 384 3908 instituerentur.
462 3848 512 3908 De
554 3855 589 3909 iis
626 3845 803 3907 instructum
835 3858 867 3903 et
898 3843 1051 3902 excultum

128 3955 172 4010 riis
192 3966 223 4010 et
243 3955 350 4010 ceteris
371 3950 513 4011 sollenni-
556 3949 615 4012 effe
630 3949 745 4021 iubeat,
775 3967 855 4030 quae
870 3945 909 4004 ad
924 3941 1051 4024 Augusti

128 4075 194 4135 rque
218 4069 334 4113 certum
350 4051 401 4126 est,
425 4054 513 4115 ucde
555 4053 661 4114 laudes
708 4047 927 4132 praedicandus
971 4048 1050 4104 vium

128 4155 189 4229 fiir,
218 4155 439 4218 Panathenaeis
456 4173 514 4218 etc.
555 4174 666 4240 parare
687 4167 842 4234 poterant.
899 4148 979 4215 Cum
1001 4165 1053 4226 ⁸11·

128 4259 194 4319 ml
601 4258 689 4337 Ppp
