2692 4914
706 70 737 123 Φ

470 301 548 378 tn
584 270 867 380 ivcomcu
1109 297 1185 376 att

406 460 934 573 nxcvasvsn

523 655 603 728 De
652 654 820 729 Varo.

238 838 305 901 Ecl-
327 837 389 915 VI,
412 843 442 905 6.
464 862 483 924 7
518 864 662 928 namquo
670 845 776 924 fitpor
796 841 859 904 eibi
878 854 974 901 omne
997 841 1055 924 qui
1076 837 1185 899 dicero

158 941 289 1012 ladas
319 943 427 1018 Vara,
463 960 539 1006 tuac
559 950 715 1029 cupiant,
748 961 782 1006 et
802 941 906 1022 tristia
925 942 1066 1004 condere
1087 943 1183 1001 bella.

162 1067 198 1105 to
223 1061 259 1104 te
274 1041 415 1121 nostrae,
441 1047 544 1120 Vere,
571 1051 726 1130 myricae,
757 1049 800 1106 Te
820 1067 934 1106 nemus
954 1067 1049 1105 omne
1068 1059 1185 1119 canetg

157 1169 215 1206 nec
227 1145 362 1206 Phoebo
374 1152 507 1226 gratior
525 1151 595 1210 olla
611 1147 667 1228 esl,
690 1151 795 1234 Quam
805 1146 874 1227 fibi
889 1169 975 1232 quae
988 1147 1073 1208 Van·
1086 1156 1185 1228 prae·
1221 1217 1226 1224 .

150 1247 279 1332 scripfit
293 1253 424 1330 pagina
442 1273 572 1318 nomen.
603 1240 676 1314 ¹Ecl.
691 1253 748 1336 IX,
766 1273 803 1333 27
837 1252 937 1325 Vare,
961 1265 1052 1310 tuum
1065 1267 1185 1308 nomen

157 1388 197 1402 ·-
225 1357 407 1416 Cantantes
424 1352 570 1432 sublime
588 1357 705 1433 ferent
730 1352 779 1413 ad
792 1351 907 1429 federa
934 1355 1034 1435 cycni.
1093 1352 1184 1434 Quae

158 1479 191 1518 cx
207 1455 254 1518 bia
270 1459 311 1518 de
322 1458 424 1530 Vtro,
445 1461 494 1516 cui
507 1457 622 1540 Ecloga
637 1456 777 1538 inscripta
793 1453 844 1529 etl,
865 1452 888 1514 fi
901 1456 995 1516 modo
1010 1459 1043 1514 in
1056 1469 1184 1539 vtraquo

155 1560 265 1643 Ecloge
281 1562 322 1620 dc
339 1558 452 1619 eodem
464 1557 548 1619 Varo
563 1563 680 1640 agitur,
700 1559 802 1640 colligi
823 1554 945 1651 poliunt
954 1600 963 1630 ‚
1000 1554 1077 1616 haec
1097 1556 1182 1616 sunt:

156 1660 236 1722 inille
250 1660 413 1724 hominem
429 1659 555 1721 Maroni
576 1657 802 1737 amicilllmum3
831 1656 923 1718 Mufis
944 1674 1061 1740 gratum
1085 1673 1115 1718 et
1137 1662 1184 1717 iu-

158 1765 286 1824 cundum
302 1781 439 1830 nomen:
459 1783 530 1823 eum
544 1761 635 1822 rebus
650 1761 766 1822 bellicis
781 1761 894 1820 clarum
909 1757 995 1819 suillo
1014 1760 1065 1841 (et
1077 1757 1183 1826 trillia

158 1864 293 1924 condere
315 1862 435 1947 bella),
453 1867 591 1944 promitti
607 1867 635 1924 ei
647 1867 780 1924 nominis
798 1862 1075 1931 immortalitatem
1096 1859 1182 1922 luille

158 1987 276 2050 quoque
291 1966 425 2048 aliquam
440 1970 504 2026 eius
520 1970 647 2048 gratiam
669 1986 704 2025 oc
724 1968 866 2025 meritum
889 1964 971 2046 apud
984 1964 1183 2049 Mantuanos,

157 2071 185 2126 iu
203 2067 393 2129 vindicandis
412 2071 448 2128 iia
469 2088 486 2128 a
509 2084 725 2129 veteranorum
747 2070 872 2126 iniuriis.
923 2067 990 2125 Nec
1013 2080 1115 2127 tamen
1130 2067 1183 2129 illa

158 2167 304 2230 sufficiunt
321 2169 361 2229 ad
383 2168 614 2242 declarandum,
636 2172 774 2251 quisnam
789 2168 840 2228 ille
855 2170 954 2229 Vanis
970 2168 1076 2239 luerit;
1113 2190 1183 2230 cum

159 2283 200 2330 tot
219 2275 375 2354 gentium,
401 2286 435 2329 vt
449 2271 650 2352 Quinctiliae,
684 2271 869 2351 Pompeiae,
904 2272 1008 2344 Atiae,
1034 2272 1181 2347 Liciniae,

161 2391 328 2454 cognomen
349 2373 424 2432 illud
446 2373 553 2447 luerit,
584 2393 644 2434 nec
667 2372 725 2433 alia
745 2376 779 2432 in
793 2372 985 2455 scriptoribus
1000 2371 1074 2434 Vari
1093 2373 1183 2438 huius

159 2479 299 2535 memoria
319 2473 389 2534 satis
406 2473 524 2556 liquido
539 2474 662 2555 prodita
677 2472 722 2535 lit.
766 2476 964 2536 Grammatici
986 2497 1059 2539 vero
1080 2481 1180 2542 multo

161 2582 245 2659 nagia
263 2574 387 2636 turbant
406 2576 664 2656 d'uputationem,
686 2598 754 2637 cum
774 2597 840 2638 non
855 2578 950 2638 modo
967 2579 1070 2658 plures
1083 2582 1182 2644 Varoa

162 2678 356 2749 conlaudant,
377 2697 481 2736 verum
497 2694 529 2739 et
545 2679 685 2739 Varium
701 2700 769 2739 cum
784 2678 877 2740 Varo
892 2679 1044 2740 misceant.
1074 2683 1180 2743 Franc.
1305 2678 1306 2682 ἵ

161 2778 259 2840 tulius
280 2784 314 2838 in
331 2780 484 2840 Cremona
500 2782 631 2841 litterata
646 2783 682 2839 T.
699 2782 723 2854 I,
739 2803 772 2862 p.
789 2803 826 2860 27
843 2780 895 2863 sq,
916 2802 933 2839 a
954 2802 1017 2863 quo
1038 2780 1115 2841 haec
1137 2783 1182 2843 se·

160 2886 249 2942 vetius
271 2896 399 2940 tractata
420 2882 634 2963 expectabam,
672 2899 703 2943 et
725 2883 786 2964 ipso
810 2881 942 2942 diuersos
963 2880 1102 2942 homines
1124 2888 1182 2943 mi·

160 2980 238 3053 lcoit;
258 2980 460 3064 reprehensus
474 2989 533 3043 iem
549 2983 609 3046 hoc
626 2990 752 3046 nomine
770 3006 786 3043 a
800 2984 943 3065 populari
960 2985 1003 3060 (in
1020 2982 1180 3043 Giornalo

160 3082 201 3141 δι’
220 3088 386 3144 Lecteroti
405 3084 438 3144 d'
463 3089 563 3146 Italia
586 3089 645 3147 To.
661 3089 703 3160 X,
728 3109 759 3167 p.
773 3090 834 3164 264
850 3084 936 3167 sqq.).
980 3085 1118 3167 Dignum
1135 3103 1180 3146 ta·

158 3207 222 3248 men
237 3207 356 3248 nomen
375 3184 507 3249 hominis
524 3211 541 3250 a
556 3191 687 3250 Marone
710 3204 772 3247 tam
794 3186 923 3247 studiose
945 3187 1106 3260 celebrati,
1144 3204 1178 3249 vt

156 3295 253 3369 paucio
274 3291 313 3351 de
334 3311 373 3350 eo
395 3298 525 3371 agatur(
552 3291 661 3353 Nelcio
684 3295 783 3364 enim,
815 3289 972 3372 quomodo
993 3290 1118 3364 accidit,
1145 3307 1179 3353 vt

156 3390 209 3452 illia
234 3390 406 3467 aetatibus,
445 3392 554 3476 quibus
581 3414 691 3476 magna
723 3414 825 3452 retum
856 3389 986 3451 inuerfio
1015 3392 1094 3453 facta
1118 3391 1179 3474 est,

155 3499 315 3578 magnique
340 3497 414 3566 viri,
447 3510 478 3556 et
498 3495 588 3555 rebus
609 3491 696 3578 gellis
717 3510 748 3554 et
769 3499 894 3578 ingenio
916 3494 1005 3562 clari,
1033 3493 1177 3570 floruere,

153 3597 265 3655 nullum
279 3615 398 3657 nomen
412 3592 459 3670 fit,
487 3597 573 3679 quod
595 3618 661 3656 non
682 3601 817 3656 animum
838 3597 974 3678 impellat
997 3613 1027 3657 et
1047 3595 1178 3661 studium

152 3694 283 3757 nostrum
303 3702 336 3757 in
358 3697 388 3757 se
410 3715 577 3760 conuertat.
620 3699 705 3757 Tum
723 3720 812 3771 vero,
841 3696 983 3780 limagni
1004 3702 1058 3757 viri
1079 3697 1177 3763 [ludio

151 3798 238 3859 semel
278 3815 439 3875 tenemur,
488 3807 581 3864 etiam
624 3805 735 3862 amicos
774 3806 837 3863 cius
871 3799 1053 3885 cognoscere
1086 3804 1177 3867 auide

150 3906 294 3983 cupimus.

230 4072 431 4135 secernamus
454 4073 556 4154 primo
577 4071 693 4145 Veros,
721 4090 798 4155 quos
818 4086 933 4133 temore
949 4068 1009 4132 huc
1026 4089 1174 4134 vocarunt

146 4173 355 4237 Grammatici.
399 4174 437 4234 P.
456 4176 671 4259 Quinctilium
692 4177 821 4238 Varum
839 4176 877 4234 V.
901 4176 935 4234 C.
959 4179 1017 4253 761
1042 4180 1076 4234 in
1095 4176 1175 4235 Ger·
