2692 4914
139 334 210 423 „16
332 335 402 408 DE
434 331 700 406 CARMINE
722 331 1021 407 BVCOLICO

158 516 246 619 ipsa
268 535 404 592 tamen
425 516 682 620 simplicitate
707 517 932 590 excluditur
952 544 1003 590 en
1024 517 1106 591 too
1122 543 1191 618 ge-

157 672 269 727 nere,
307 649 514 748 quicquid,
549 642 616 741 etsi
638 642 766 743 ipsam
790 649 902 716 vitae
927 641 1100 740 rusticae
1122 672 1190 716 ve·

156 777 318 846 ritatem
342 779 538 875 exprimit,
576 777 779 872 ingratum
798 789 934 844 tamen
955 771 1191 870 adsensum

158 927 210 974 ac
242 898 448 997 molestum
476 897 552 998 ‘sti
601 925 727 998 neque
763 902 869 972 adeo
910 899 1188 972 admittendae

145 1028 246 1128 sunt
256 1028 411 1127 sordes,
433 1055 538 1128 quae
558 1025 749 1123 nauseam
773 1043 976 1107 moueant,
998 1053 1082 1098 non
1101 1051 1189 1097 uer-

156 1152 298 1226 borum
321 1151 516 1251 rusticitas
541 1171 580 1226 et
603 1151 812 1251 asperitas,
852 1181 934 1226 non
951 1150 1128 1254 agrestis
1149 1168 1189 1224 et

71 1255 76 1266 ¹
145 1279 281 1378 foeda
295 1281 521 1381 spurcities:
555 1284 705 1379 quain
730 1306 774 1352 re
796 1280 909 1352 haud
928 1286 1057 1381 pauci
1080 1307 1188 1382 egre·

154 1409 222 1506 gie
245 1402 345 1502 falsi
370 1407 509 1504 suere,
560 1409 678 1478 dum·
701 1412 936 1481 imitationis
974 1414 1187 1481 veritatem

154 1532 263 1605 male
286 1538 493 1605 iactarent.
544 1531 658 1631 Poffe
671 1533 777 1630 sane
803 1561 894 1607 cum
918 1555 1006 1609 arte
1031 1555 1188 1608 etcum

154 1665 314 1762 ingenio
356 1664 531 1733 carmine
563 1664 683 1733 reddi
715 1666 872 1741 omnia,
919 1669 1006 1763 quis
1041 1667 1187 1766 neget?

151 1788 353 1893 'Quorsum
378 1805 513 1860 tamen
530 1784 699 1883 studeas
732 1780 932 1862 imitando
966 1797 1188 1891 exprimere

153 1944 226 1999 ea,
260 1915 466 2017 aquibus,
494 1910 534 2008 st
566 1915 676 2012 casus
702 1915 900 1996 obtulerit,
941 1919 1076 1991 oculos
1099 1924 1185 1992 ani·

152 2070 339 2143 mumque
369 2045 611 2115 auertimus?
660 2060 699 2114 et
734 2070 840 2144 quae
876 2044 952 2115 illa
991 2046 1081 2119 laus
1114 2042 1187 2146 effe

148 2169 294 2274 potest,
315 2168 354 2266 si
379 2173 604 2241 imitatione
628 2196 678 2241 ea
703 2168 800 2244 bene
824 2174 1057 2254 reddideris,
1099 2180 1185 2274 qui-

116 2358 119 2364 .
152 2299 240 2383 bus,
269 2296 308 2394 fi
332 2302 375 2370 in
399 2322 498 2368 vera
522 2302 611 2368 vita
636 2296 876 2397 exprefferis,
919 2299 1101 2373 omnibus
1126 2307 1184 2372 in-

150 2453 279 2529 genue
309 2430 413 2496 natis
444 2429 687 2524 importunus
721 2453 772 2499 ac
804 2425 984 2524 molestus
1015 2429 1183 2526 foedus·

150 2581 228 2656 que
257 2555 458 2644 videaris?
500 2553 670 2632 Contra,
717 2558 838 2628 modo
867 2556 1034 2655 placeat
1059 2575 1183 2655 poeta

150 2707 203 2754 ao
234 2680 419 2760 delectet,
451 2675 490 2774 si
523 2677 681 2775 confilio
705 2681 784 2780 suo
818 2684 1054 2782 respondere
1087 2689 1183 2756 eius-

149 2812 264 2881 modi
297 2809 518 2879 andaciam
548 2809 707 2888 videat,
747 2812 847 2909 quid
878 2837 969 2882 eum
992 2830 1102 2885 vetet
1125 2817 1184 2884 in·

150 2940 309 3011 terdum
348 2938 406 3007 ad
445 2935 660 3034 mythicam
697 2936 904 3009 hominum
941 2944 1073 3012 vitam
1112 2969 1183 3016 nos

149 3060 358 3143 reuocare,
399 3081 437 3136 et
462 3063 587 3134 talem
608 3090 742 3138 rerum
766 3067 960 3146 ordinem,
1001 3071 1182 3150 modum,‘

149 3212 189 3268 et
201 3193 325 3288 situm
348 3190 549 3270 exhibere,
586 3195 657 3290 qui
685 3189 816 3263 nullus
837 3219 1017 3291 unquam
1039 3194 1112 3291 nist
1139 3202 1182 3267 in

148 3322 355 3396 hominum
387 3324 549 3419 egregia
580 3322 835 3418 imaginandi
865 3326 909 3392 vi
941 3321 1182 3422 pollentium

150 3451 294 3522 animis
307 3446 417 3542 fait;
453 3472 503 3517 ea
525 3462 661 3516 tamen
686 3453 871 3527 cautione
893 3448 1100 3534 adhibita,
1132 3453 1182 3524 *vt

147 3603 199 3651 ne
221 3572 472 3645 incredibilia
489 3573 615 3671 plane
643 3588 681 3642 et
710 3575 769 3645 ad
792 3576 1040 3673 praesentem
1068 3583 1182 3652 vitae

150 3703 472 3798 consuetudinem
494 3700 605 3772 nullo
635 3703 757 3772 modo
780 3701 1009 3799 oeriflmilia
1027 3707 1179 3807 fingat.

147 3835 352 3909 Interdum
379 3854 475 3900 vero
505 3829 606 3925 quid
635 3853 726 3899 eum
752 3857 936 3931 negemus
969 3837 1181 3933 antiquam

147 3965 257 4037 vitae
288 3954 523 4057 pastoritiae
558 3960 756 4029 rationem
789 3959 994 4060 elegantiis
1034 3977 1074 4032 et
1115 3963 1180 4034 de-

146 4089 248 4162 liciis
272 4114 293 4159 e
316 4079 450 4178 nostra
472 4086 561 4152 vita
575 4087 726 4181 petitis,
760 4089 881 4158 modo
895 4088 1000 4185 satis
1022 4090 1180 4187 consen·

146 4233 291 4290 taneae
301 4211 401 4312 fiat,
433 4226 653 4307 temperare
681 4217 891 4288 commode
907 4212 1044 4318 paffe?
1084 4221 1180 4297 Non
