2692 4914
468 366 548 442 AD
576 368 802 445 LIBRVM
822 371 881 447 IV
1123 373 1202 474 775

150 551 226 615 loco
247 551 324 615 haec
351 551 493 617 constitui
519 553 608 637 posse
635 558 797 618 videntur:
852 558 1018 641 Fingamus
1040 561 1201 645 ingentem

152 656 238 715 illam
255 659 428 718 Cauernam
450 659 512 719 late
527 658 725 721 subterranea
740 661 810 721 loce
824 681 996 742 occupare;
1017 659 1077 723 effe
1094 684 1201 725 veram

152 758 274 819 Oceani
292 764 425 843 regiam,
454 759 507 821 seu
529 782 661 844 regnum
683 760 886 823 vastiffirnum.
942 763 987 823 Vt
1010 762 1099 844 super
1117 780 1201 828 terra

149 860 331 922 multisunt
354 877 503 922 terrarum
528 877 659 943 tractus,
698 863 809 925 diuersi
822 864 898 926 sines
920 868 1134 946 imperiorum,
1157 864 1199 930 fic

150 966 186 1022 in
204 959 259 1024 isto
282 962 479 1026 subterraneo
508 985 659 1048 aquarum
685 987 785 1050 regno
814 967 1041 1050 quaquauersus
1062 968 1131 1029 sunt
1151 972 1200 1030 in·

150 1069 257 1147 gentia
280 1087 429 1150 aquarum
455 1069 649 1147 receptacula
673 1072 706 1128 in
730 1048 861 1128 marium
886 1069 1033 1143 modum,
1077 1070 1200 1150 spelun-

150 1187 199 1227 cae
219 1168 310 1242 dixit,
340 1167 483 1251 equibus
499 1167 624 1230 diuersis
639 1171 716 1232 locis
738 1175 838 1251 capita
854 1191 890 1230 ac
904 1171 1007 1232 sontes
1027 1168 1197 1233 fluuiorum

148 1269 342 1350 procedunt,
375 1270 567 1353 aliquantum
588 1276 671 1333 inter
690 1270 778 1332 filuas
794 1271 923 1332 flumina
938 1273 990 1333 snb
1007 1289 1086 1333 terra
1109 1273 1198 1335 cursu

147 1372 233 1433 sacto
249 1389 412 1455 emergunt
433 1387 465 1434 et
479 1379 616 1434 emnium
637 1375 740 1435 sontes
762 1375 851 1454 supra
866 1390 979 1434 terram
994 1373 1196 1437 constituunt.

147 1473 196 1534 Ex
216 1495 330 1558 magno
351 1474 412 1537 hoc
430 1497 616 1559 magnorum
635 1475 799 1535 fluminum
825 1497 957 1539 numero
980 1493 1047 1537 erat
1066 1497 1196 1560 quoque

146 1576 280 1638 Peneus.
324 1579 488 1661 Fingamus
509 1582 657 1639 iuuenem
679 1600 737 1659 per
759 1579 880 1639 iontem
901 1577 1062 1640 demissum
1084 1583 1196 1639 inim.

146 1679 287 1739 mensum
307 1680 385 1740 illud
414 1700 564 1764 equarum
587 1702 718 1764 regnum
739 1679 988 1757 subterraneum,
1024 1682 1195 1744 deductum
1276 1741 1279 1748 ,

147 1779 211 1842 effe
224 1787 257 1842 in
273 1799 488 1863 campartem,
511 1803 581 1843 eam
597 1803 776 1856 cauernam,
800 1805 881 1867 quae
896 1805 955 1865 pro
969 1785 1076 1858 sonte,
1098 1785 1194 1845 adeo·

147 1906 210 1967 que
225 1907 284 1966 pro
300 1890 385 1969 regia
400 1888 515 1959 Penei,
537 1883 627 1957 effet;
648 1901 726 1967 puta
741 1883 801 1946 effe
815 1906 965 1968 magnum
982 1886 1111 1969 aliquod
1124 1885 1193 1967 spe·

147 2008 201 2047 cus
209 2031 219 2062 ,
255 1989 346 2072 quale
359 1988 435 2047 illud
449 1987 667 2072 Nympharum
689 1993 723 2048 in
738 1988 823 2048 aditu
836 1988 960 2048 Ithacae
975 1988 1060 2068 apud
1074 1989 1194 2048 Home-

145 2112 227 2153 rum.
270 2091 385 2171 Specus
400 2090 460 2151 hoc
473 2112 532 2173 pro
548 2090 698 2151 thalamo
715 2091 872 2175 Cyrenes:
893 2073 1034 2150 thalami
1042 2088 1194 2172 penderi-

146 2195 199 2256 tia
218 2196 351 2275 pumice
369 2208 459 2253 tecta
475 2215 506 2255 v.
525 2195 608 2274 5742
644 2195 765 2277 relique
788 2198 885 2254 evitn
909 2192 1041 2254 heroum
1056 2212 1092 2253 ac
1116 2192 1195 2254 deo·

145 2317 216 2356 rum
231 2296 299 2356 sunt
311 2300 425 2377 petita:
447 2291 578 2359 affident
593 2301 624 2358 ei
637 2294 804 2382 Nymphae
817 2317 897 2378 opus
910 2296 1058 2357 facientes
1067 2293 1194 2379 334sq„

147 2396 277 2459 affident
298 2401 415 2459 vitreis
428 2397 598 2478 sedilibus
611 2402 685 2465 550.
727 2401 915 2460 Peruenitur
934 2398 975 2459 ad
999 2398 1077 2459 illud
1096 2399 1196 2460 Penei

145 2501 254 2583 specus
270 2501 416 2564 descensu
435 2503 476 2564 ad
489 2523 636 2586 magnam
652 2503 737 2562 illain
758 2501 933 2563 Cauemam
948 2500 1049 2575 facto,
1070 2500 1196 2582 qualem

146 2605 323 2667 descensum
337 2604 489 2688 praebere
511 2605 592 2667 adeo
613 2601 734 2665 necesse
750 2600 794 2664 est
808 2622 921 2665 omnes
935 2601 1105 2664 fluuiorum
1124 2601 1196 2663 son-

146 2724 195 2771 tes
216 2732 254 2771 ex
270 2709 419 2792 specubus
440 2708 570 2790 prodire
589 2705 704 2768 solitos.
761 2705 872 2790 Itaque
894 2719 928 2766 et
948 2701 1101 2767 Aristaeus
1122 2725 1195 2764 cum

145 2829 278 2874 matrem
293 2815 440 2898 Cyrenen
462 2812 549 2874 adire
569 2810 679 2885 vellet,
720 2809 760 2870 ad
781 2809 904 2871 sontem
929 2809 1028 2870 Penei
1055 2801 1193 2868 acceffit:

145 2913 265 2994 ssTristis
279 2915 328 2978 ad
339 2917 481 2976 extremi
491 2915 633 2994 saonam
646 2927 748 2997 caput
760 2910 889 2991 adstitit
901 2913 1019 2972 amnis.
1052 2909 1119 2985 Illa,
1138 2905 1206 2969 etsi·

145 3024 297 3082 interiora
312 3036 429 3094 terrae,
449 3017 577 3101 specum
591 3037 628 3080 ec
640 3032 763 3101 partem
778 3033 908 3099 megnee
923 3012 1005 3075 istius
1019 3013 1194 3085 Ceuernae,

147 3145 214 3206 quo
229 3125 300 3186 loco
317 3126 416 3185 Penei
428 3126 524 3205 patris
539 3136 606 3185 erat
619 3120 748 3194 domus,
767 3117 970 3192 inhabitabat,
987 3131 1072 3176 recte
1087 3130 1194 3175 tamen

147 3226 203 3288 sub
219 3227 307 3288 sonte
322 3228 420 3288 Penei
435 3227 551 3310 degere
571 3223 633 3284 dici
647 3237 787 3305 poterat:
828 3241 916 3304 quae
933 3221 1075 3300 gurgitis
1096 3216 1196 3275 leuius

148 3333 223 3393 Ima
238 3346 347 3400 tenes:
370 3345 412 3404 ct,
428 3343 538 3389 mater
547 3327 704 3406 sonitum
717 3324 866 3385 thalamo
877 3322 947 3400 sub
961 3320 1116 3403 fluminis
1128 3318 1193 3378 alti·

150 3433 264 3511 Senfit.
305 3436 388 3495 Tum
408 3446 491 3494 ante
511 3430 600 3493 alias
624 3426 797 3506 Arethusa
819 3424 957 3505 sorores
975 3423 1195 3506 Prospiciens,
1289 3469 1296 3482 .

140 3537 281 3616 summ
291 3536 428 3618 flauum
441 3548 543 3620 caput
554 3533 675 3594 exuriit
689 3528 783 3591 vada
796 3530 870 3593 351.
884 3529 959 3602 352,
980 3527 1124 3610 adeoque
1136 3544 1195 3607 per

149 3641 274 3702 fontem
285 3639 452 3725 prospexit.
495 3640 570 3722 Quo
586 3635 682 3704 modo
696 3633 757 3695 hoc
773 3631 839 3693 steri
853 3634 1007 3712 potuerit:
1028 3644 1114 3691 recte
1126 3644 1197 3690 non

152 3747 376 3827 attigitpoeta:
396 3742 435 3803 ad
450 3741 568 3804 sensum
579 3744 663 3802 enim
675 3738 742 3799 satis
751 3733 979 3824 commoderes
988 3731 1126 3814 expediri
1140 3748 1199 3791 ne·

151 3851 230 3930 quit.
272 3847 367 3906 Nunc
380 3859 480 3907 mater
494 3843 590 3904 filium
605 3842 693 3903 iubet
706 3839 910 3902 descendere:
932 3834 1016 3897 hand
1029 3833 1124 3895 dubie
1137 3851 1196 3913 per

151 3951 274 4011 sontem
286 3950 394 4022 Penei,
404 3947 478 4008 dum
492 3967 587 4029 aquas
604 3944 761 4007 discedere
771 3957 804 4004 et
819 3943 901 4002 viam
915 3941 946 3999 ei
958 3955 1069 4021 parare
1083 3933 1194 3996 edicit:

144 4052 249 4131 fimus
266 4052 339 4111 alta
359 4048 452 4110 iubet
473 4046 643 4111 discedere
669 4047 740 4108 late
759 4044 931 4111 Flumina,
980 4058 1048 4125 qua
1065 4036 1196 4097 iuuenis

153 4155 278 4236 greffns
297 4155 461 4236 inferret:
481 4155 555 4232 559.
573 4155 646 4215 360.
684 4150 777 4208 Nunc
791 4146 922 4207 traditur
934 4142 1062 4204 modus:
1097 4159 1197 4221 aquae

155 4258 251 4320 sontis
264 4259 364 4318 Penei
377 4262 412 4319 in
426 4255 531 4318 media
543 4252 588 4314 sui
602 4266 691 4334 parte
705 4245 859 4334 repressae
880 4243 1036 4331 assurgtmt
1055 4247 1089 4304 in
1108 4260 1199 4302 mon·

157 4365 196 4423 tis
213 4365 353 4423 exceuati
366 4360 519 4450 speciem,
546 4371 579 4420 et
598 4372 755 4440 tamquam
769 4356 867 4429 uiam,
908 4354 944 4414 in
961 4369 1047 4412 arcus
1067 4344 1200 4431 speciem
1245 4378 1248 4383 ·
