2692 4914
146 317 221 397 260
475 317 831 398 PROOEMIVM
860 372 864 380 ‚

155 524 276 607 atque
300 503 391 579 aliis
422 506 624 580 nonnullis
654 505 768 605 forte
812 504 940 604 poetis
971 497 1046 570 illa
1072 496 1182 567 'diui-

156 635 290 712 niore,
330 656 435 731 quae
455 634 497 710 in
519 628 749 702 inueniendi
769 627 974 725 felicitate
997 624 1182 696 cern-itur,

159 757 312 853 ingenii
331 758 376 825 ui
401 755 506 826 cedit
530 752 741 853 Wrgilius,
786 755 829 822 in
858 749 957 826 hnc,
1000 768 1106 844 quae
1120 740 1187 838 se-

112 901 120 955 ·,
163 877 299 950 cunda
322 871 393 981 effe
414 878 573 948 videtur
591 873 643 946 ab
665 873 760 954 illa,
781 871 915 971 facile
937 872 1117 941 omnium
1135 861 1189 960 est

156 1001 338 1099 princeps
356 996 577 1076 habendus,
619 1014 664 1069 ut
684 1024 756 1076 ea,
796 1022 901 1097 quae
927 990 979 1064 ab
1011 989 1101 1061 aliis
1123 1013 1190 1058 ac·

165 1124 329 1217 ceperit,
372 1120 496 1192 multo
522 1124 729 1192 ornatiora
750 1135 789 1190 ct
803 1118 1009 1217 pulcriora
1037 1110 1089 1183 ab
1111 1116 1193 1181 eius

165 1246 325 1341 ingenio
342 1247 553 1344 prodeant.
608 1244 727 1343 Quod
749 1237 944 1342 magistris
968 1231 1106 1331 nostris
1128 1259 1194 1305 ac·

169 1381 325 1460 ceptum
351 1392 422 1439 nos
450 1366 596 1461 referre
620 1364 816 1462 solemus,
854 1379 920 1440 vt,
963 1385 1053 1432 cum
1075 1384 1102 1429 a
1121 1384 1196 1457 pa·

169 1485 341 1561 rentibus
360 1493 491 1560 vitam
510 1492 792 1588 acceperimus,
821 1484 887 1557 ¹ab
907 1483 985 1556 illis
1003 1499 1138 1554 rectae
1159 1497 1198 1552 et

171 1609 376 1684 iucundae
394 1615 506 1682 vitae
529 1608 601 1707 vsu
628 1614 844 1709 impertitos
868 1632 940 1679 nos
953 1672 956 1679 .
968 1602 1040 1703 effe
1060 1604 1201 1699 ¹fenea·

172 1753 264 1801 mur
270 1760 287 1818 ,·
325 1733 402 1806 hoc
419 1738 462 1805 in
484 1732 582 1810 illis,
619 1759 725 1833 quae
744 1737 829 1805 iam
848 1728 901 1802 ab.
925 1730 1014 1802 aliis
1032 1727 1200 1825 prolata

174 1871 309 1934 erant,
355 1857 538 1929 accidere
558 1857 717 1955 videas,
758 1872 805 1927 vt
828 1879 879 1925 ex
905 1849 1066 1951 Virgilii
1093 1854 1202 1949 inge·

174 1967 243 2046 nio
267 1978 392 2050 multo
402 1978 567 2076 felicius
580 1977 828 2074 enascantur,
853 1992 891 2047 et
907 1975 1083 2074 pulcrius
1098 1970 1202 2071 ff0‘

176 2098 353 2192 rtffcant,·
398 2118 461 2191 vt,
493 2097 533 2194 fi
560 2127 609 2172 ea
635 2127 718 2172 non
744 2103 946 2176 nouitate,
993 2113 1037 2168 at
1064 2098 1204 2195 gratia

177 2234 332 2301 tamen,
383 2226 601 2324 dignitate,
647 2221 872 2319 venustate,
923 2223 1042 2292 miros
1076 2221 1205 2289 animi

177 2336 341 2438 affectus
357 2362 565 2425 moueant,
586 2371 814 2448 magnaque
830 2345 1101 2416 admiratione
1116 2366 1206 2439 per-

125 2479 129 2487 ’
168 2459 367 2559 fundant.
421 2471 510 2569 Qua
524 2472 566 2540 in
581 2495 624 2540 re
645 2469 744 2540 milii
756 2471 919 2567 quidem
932 2471 974 2540 in
990 2462 1099 2564 poesi
1113 2463 1205 2535 eun-

181 2585 275 2656 dem
295 2584 428 2658 locum
448 2596 551 2663 tueri
567 2592 728 2663 videtur
755 2591 965 2691 Virgilius,
1001 2613 1120 2687 quem
1144 2586 1207 2662 Ci-

96 2724 98 2728 ·
182 2731 272 2779 cero
303 2712 345 2778 in
374 2708 608 2808 eloquentia.
659 2716 770 2790 Nam
793 2730 831 2785 ot
852 2714 966 2784 huius
987 2713 1206 2811 ingenium,

181 2830 294 2927 quod
325 2829 451 2927 ipsum
470 2861 541 2930 per
566 2835 616 2929 se
639 2862 722 2909 non
743 2834 876 2932 facile
904 2832 1109 2934 praeclari
1135 2831 1210 2901 ali-

126 2977 128 2993 ·
182 2952 285 3048 quid
303 2952 521 3050 proferret,
564 2961 607 3028 in
634 2960 824 3031 ornandis
849 2976 888 3031 et
915 2953 1210 3054 amplificandis
1235 2967 1239 2975 '

184 3072 361 3144 oliorum
382 3078 568 3154 inuentis,
611 3084 788 3179 inprimis
817 3086 860 3154 in
885 3077 1094 3176 veisu‘endi's
1121 3095 1234 3148 ora-s

184 3199 294 3265 done
310 3197 460 3269 Latina
483 3197 728 3298 Graecorum
752 3206 884 3281 dictis,
923 3205 1097 3274 eximiae
1113 3197 1211 3295 feli·

187 3319 319 3387 citatis
340 3323 381 3388 et
397 3323 494 3389 artis
502 3318 603 3413 fuit.
653 3321 794 3418 Itaque
808 3324 883 3391 hoc
901 3328 944 3394 in
956 3348 1100 3423 genere
1121 3321 1212 3402 Vir-

183 3436 349 3535 gilium,
390 3456 605 3538 poetarum
636 3440 865 3514 Ciceronem
892 3445 1096 3543 appellare
1115 3469 1213 3516 non-

186 3584 393 3658 nunquam
427 3559 544 3634 lubet.
609 3561 690 3638 IIIa
725 3578 860 3634 autem
897 3566 1046 3662 ingenii
1074 3568 1214 3638 Maro·

186 3684 302 3752 niani
317 3687 483 3780 propria
503 3683 685 3782 venustas
700 3689 744 3757 in
760 3683 872 3755 nullo
895 3689 975 3759 eius
995 3711 1113 3784 opero
1130 3711 1215 3756 ma-

185 3806 248 3903 gis
270 3804 532 3903 cognoscitur,
565 3834 689 3907 quam
709 3811 751 3878 in
774 3806 1001 3906 Georgicis,
1036 3805 1216 3879 omnibus

186 3930 359 3998 numeris
387 3927 587 4025 absoluto,
621 3929 797 4030 perfecto
827 3945 864 4001 et
890 3927 1086 4027 expolito,
1129 3955 1216 4002 car-

188 4051 314 4128 mine,
334 4067 398 4129 vt,
412 4049 451 4146 si
470 4055 514 4123 in
529 4049 664 4148 nostra
683 4056 1007 4150 interpretatione
1025 4050 1103 4122 hoc
1122 4047 1217 4150 affe·

188 4175 302 4271 qunti
317 4171 478 4273 sumus,
522 4200 594 4247 nos
622 4179 727 4251 enim
754 4176 801 4248 id
818 4174 1009 4277 sequutos
1039 4169 1113 4274 effe
1139 4199 1220 4248 non
