2692 4914
184 325 265 423 273,
377 314 1040 395 ·l’.V'IRGILIIMAl³tONISv
1101 389 1111 406 ,
1163 400 1166 404 ,

160 492 343 585 'Munere
363 504 609 582 vestra‘eano.
667 506 805 605 Tuque
829 529 864 595 o,
906 509 969 579 cui
991 506 1112 603 prima
1142 503 1217 579 fre·

792 624 957 712 mentem

183 775 292 854 Fudit
313 798 469 874 equum,
497 792 633 872 magno
657 769 765 844 tellus
787 770 954 871 perculsa
972 769 1139 859 tridenti,

183 915 377 1010 Neptune;
388 953 391 956 ·
402 924 440 981 et
455 906 577 981 cultor
591 928 799 996 nemorum,
823 911 884 984 cui
897 911 1048 1005 pinguia
1063 908 1165 978 Ceae

254 1122 284 1157 ra
309 1121 326 1155 o
347 1101 471 1154 omittunt
492 1097 580 1153 Codd.
604 1097 688 1151 Seruii
713 1097 747 1152 ed
769 1100 839 1154 Aen.
864 1101 891 1160 1,
918 1101 964 1167 641
996 1115 1022 1153 et
1051 1098 1138 1152 Goth.
1166 1093 1215 1150 lec·

185 1191 217 1245 13
235 1187 319 1242 Fudit
332 1205 436 1256 aquam
452 1181 642 1256 antiquilllmot
656 1182 736 1237 libros
752 1183 868 1240 liebniss'e
882 1184 988 1238 testatur
1002 1185 1125 1245 Seruius;
1147 1182 1218 1234 male

181 1288 272 1328 tamen
284 1270 357 1325 hand
369 1270 455 1330 dubie,
475 1268 548 1340 qued
562 1267 650 1320 fabula
664 1268 697 1320 de
711 1289 779 1341 equo
794 1269 884 1343 paullo
897 1271 979 1341 magis
992 1270 1130 1323 recondita
1144 1266 1215 1327 effer,

182 1356 216 1410 de
228 1375 295 1430 aque
307 1375 366 1411 tero
380 1355 457 1408 facile
469 1355 645 1427 unusquisque
659 1356 792 1426 cogitaret.
828 1356 902 1408 ldem
915 1355 949 1407 ed
963 1360 1027 1409 Aen.
1042 1357 1063 1414 l.
1079 1372 1090 1406 t
1109 1341 1214 1406 landate

183 1451 230 1496 eut
244 1450 336 1514 prime
345 1439 508 1514 summm,-
534 1437 578 1491 sed
591 1439 651 1493 eod.
665 1439 710 1494 lib.
724 1459 747 1494 t.
761 1443 808 1509 541
825 1439 999 1512 frementem
1016 1439 1104 1492 habet.
1148 1439 1218 1493 Mox

182 1529 305 1583 tridente
319 1525 435 1580 Gudian.
450 1524 539 1579 Schol.
553 1504 629 1578 Stdtil
643 1540 669 1578 et
683 1540 788 1597 vterque
802 1525 952 1579 Gothenue.
1011 1536 1042 1592 14
1062 1527 1156 1577 cultor
1168 1543 1218 1593 pe-

183 1632 279 1668 corum
298 1611 366 1665 coni.
389 1613 428 1664 lo.
443 1609 580 1665 Schrader.
602 1610 630 1662 in
649 1607 764 1672 schedis,
793 1612 854 1685 qula
874 1630 991 1664 nemora
1011 1625 1036 1663 et
1055 1610 1172 1663 dumeta
1192 1606 1218 1660 se

182 1699 328 1770 excipiunt,
349 1693 511 1749 etstttintv.
528 1696 560 1751 16
576 1695 671 1748 iterum
692 1715 794 1749 nemus.
831 1696 874 1749 Sic
895 1698 989 1749 cultor
1007 1714 1156 1765 pecorum,
1190 1708 1218 1747 tt

180 1785 235 1839 ιδ
256 1781 408 1853 qutculeus
421 1779 555 1834 habendo
567 1777 609 1849 stt
627 1789 742 1850 μεστὴ·
768 1796 795 1835 et
807 1780 910 1835 Sallust.
925 1784 979 1852 lug.
995 1782 1069 1848 543
1095 1788 1162 1851 agri
1181 1796 1217 1832 ac

179 1876 293 1944 pecoris
310 1875 401 1938 magia
421 1886 505 1937 quam
525 1867 593 1919 belli
613 1868 755 1919 cultorem.
792 1867 867 1920 Ceae
885 1867 919 1919 de
942 1867 1067 1939 scripture
1083 1863 1144 1937 poll
1158 1866 1217 1916 Pie.

180 1953 312 2008 riumvld.
328 1950 415 2005 HeinA
433 1949 655 2019 adonidsspitt
672 1951 731 2013 XX,
749 1968 809 2004 aaa.
850 1950 987 2013 Estlle'ns,
1014 1953 1090 2006 Κίος.
1135 1948 1217 2000 Vnde

181 2046 266 2100 xatus,
290 2053 316 2090 et
332 2056 363 2090 ex
376 2035 437 2098 hoc,
459 2035 587 2109 producta
608 2036 709 2109 priore,
735 2036 864 2091 Romanis
885 2038 951 2090 Cea.
993 2033 1067 2091 Male
1089 2033 1216 2104 scriptum

181 2122 275 2196 pellim
291 2124 393 2181 Casae.

180 2270 339 2339 tamquam
366 2254 443 2316 deae
468 2252 610 2316 filuarnm
643 2271 676 2316 et
718 2256 818 2318 Germ.
847 2257 878 2333 1,
901 2279 932 2337 7,
953 2277 982 2337 7.
1046 2254 1215 2335 Neptunus

180 2357 327 2430 saltuum,
366 2360 400 2417 in
429 2355 539 2440 qulbus
567 2377 675 2441 greges
716 2360 790 2420 iude
814 2357 924 2428 ἵππιος.
967 2355 1120 2416 blandem
1140 2378 1215 2438 pro·

179 2449 351 2544 pascuntur.
716 2467 784 2542 pris
798 2462 837 2523 de
851 2477 940 2543 partu
960 2461 1041 2521 felici
1061 2480 1097 2520 ac
1111 2459 1213 2536 facilli

228 2562 478 2644 insequuntur
499 2562 673 2640 Neptunus,
716 2562 789 2625 hinc
830 2566 976 2635 omnino,
1034 2582 1211 2643 procreare.

180 2661 350 2736 Aristaeus,
400 2664 485 2736 Pan,
532 2662 674 2721 Minerua
712 2665 862 2748 percuffa
888 2663 1043 2738 tridenti,
1080 2662 1212 2723 sollenni

181 2787 251 2827 oum
279 2767 422 2826 Siluano:
463 2786 493 2825 v.
519 2763 559 2823 ed
586 2784 615 2822 v.
643 2767 672 2827 6.
716 2769 845 2829 deornm
867 2787 970 2840 mors,
1007 2770 1129 2847 quoties
1157 2765 1213 2823 all-

149 2870 323 2928 'thera
338 2855 461 2944 veltro,
481 2887 517 2927 ex
533 2865 672 2927 anteced.
716 2871 829 2953 quido
856 2886 936 2929 terra
958 2871 1125 2949 prouenire
1157 2886 1212 2926 vo-

179 2969 351 3045 ltumenta,
387 2974 498 3042 vitem,
525 2982 673 3040 armenta,
714 2973 791 3032 lunt.
806 2993 834 3032 v.
846 2969 1022 3032 Callimach.
1036 2969 1208 3037 tenetes,

181 3092 299 3155 greges.
363 3073 418 3129 cui
451 3072 565 3150 prima
598 3071 673 3150 sre-
712 3079 748 3135 in
767 3075 833 3135 lou.
857 3094 896 3154 29
916 3073 957 3155 sq.
1024 3079 1070 3148 ¹4·
1094 3069 1210 3129 Cultor

181 3187 325 3231 mentem
343 3172 442 3232 Fudit
461 3193 599 3254 eqrtum,
621 3193 674 3231 cu·
714 3197 894 3249 nemorum,
917 3173 946 3234 h.
969 3195 996 3234 e.
1015 3171 1206 3254 pascuorum,

178 3276 227 3334 ius
262 3271 339 3333 iuffu
373 3280 506 3354 primum
538 3296 570 3369 e.
592 3289 672 3334 tetra
715 3279 856 3361 adeoque
878 3293 909 3338 et
930 3295 1066 3359 gregum,
1103 3293 1207 3333 curam

178 3395 277 3458 equus
303 3375 402 3436 editus
424 3372 476 3436 eil.
526 3377 608 3436 Nota
627 3379 673 3435 fa·
714 3377 840 3452 habeus,
865 3376 908 3440 ell
927 3375 1087 3450 Aristaeus,
1111 3375 1208 3456 Apol·

178 3475 268 3548 bula,
303 3473 537 3537 Atheniensibus
566 3477 672 3538 dome*
713 3481 781 3540 linis
805 3496 837 3540 et
856 3482 991 3566 Cyrenes
1015 3479 1112 3550 filius,
1142 3481 1194 3560 qui

178 3576 262 3652 llice,
293 3579 332 3640 de
353 3580 492 3659 Neptuni
514 3600 582 3638 cum
605 3580 672 3637 Pal·
714 3583 896 3667 Cycladibus
930 3602 1040 3666 magna
1070 3577 1206 3639 [incitate

177 3682 250 3745 lade
267 3686 442 3754 certamine,
470 3703 537 3741 cum
561 3682 604 3740 dii
625 3701 671 3739 ar·
713 3701 742 3745 et
758 3686 837 3745 lame
855 3682 982 3758 efflictis,
1004 3703 1085 3755 cum,
1111 3682 1206 3742 Ceam

177 3784 302 3846 bitrium
331 3781 480 3857 tulillent,
517 3798 565 3855 vt,
605 3798 671 3843 vten
713 3783 880 3860 arceffitus,
930 3788 1042 3846 sirium
1083 3785 1206 3865 placere

177 3889 243 3948 rem
278 3884 456 3948 mortalibus
490 3881 669 3945 vtiliffimam
712 3885 909 3962 monstrnllet,
923 3887 1080 3971 quolacto
1094 3883 1206 3947 eteliae

176 3984 378 4073 produxillet,
436 3993 500 4048 eius
542 3993 669 4049 nomine
712 4011 813 4051 aerem
830 4006 1002 4071 temperare
1025 4005 1205 4069 coeperant,

176 4112 260 4155 noua
282 4092 350 4150 vrbs
371 4088 535 4169 (Athenae)
565 4093 679 4170 appel·¹
710 4093 791 4153 louis
824 4090 948 4154 Aristaei
990 4106 1021 4153 et
1053 4093 1209 4173 Apollinis

176 4195 305 4280 latetur..
322 4194 359 4258 cf.
382 4195 481 4259 Bantl.
500 4194 539 4258 ad
561 4195 667 4261 Horat.
709 4197 814 4260 Nomii
844 4201 972 4261 nomine
1005 4197 1104 4257 cultus
1137 4196 1207 4257 luit.
