<?xml version="1.0" encoding="UTF-8"?>
<!DOCTYPE html PUBLIC "-//W3C//DTD XHTML 1.0 Transitional//EN"
    "http://www.w3.org/TR/xhtml1/DTD/xhtml1-transitional.dtd">
<html xmlns="http://www.w3.org/1999/xhtml" xml:lang="en" lang="en">
 <head>
  <title>
</title>
<meta http-equiv="Content-Type" content="text/html;charset=utf-8" />
  <meta name='ocr-system' content='tesseract 3.04.00' />
  <meta name='ocr-capabilities' content='ocr_page ocr_carea ocr_par ocr_line ocrx_word'/>
</head>
<body>
  <div class='ocr_page' id='page_1' title='image "./pvirgilivsmarov00virggoog_0530.png"; bbox 0 0 2692 4914; ppageno 0'>
   <div class='ocr_carea' id='block_1_1' title="bbox 180 279 1101 409">
    <p class='ocr_par' dir='ltr' id='par_1_1' title="bbox 180 279 1101 409">
     <span class='ocr_line' id='line_1_1' title="bbox 180 279 1101 409; baseline -0.002 -23"><span class='ocrx_word' id='word_1_1' title='bbox 180 315 523 388; x_wconf 80' lang='lat' dir='ltr'>euonemorr</span> <span class='ocrx_word' id='word_1_2' title='bbox 549 314 649 385; x_wconf 78' lang='lat' dir='ltr'>tm.</span> <span class='ocrx_word' id='word_1_3' title='bbox 669 314 719 400; x_wconf 86' lang='lat'>11,</span> <span class='ocrx_word' id='word_1_4' title='bbox 740 321 954 409; x_wconf 75' lang='lat'><strong>227-242</strong></span> <span class='ocrx_word' id='word_1_5' title='bbox 1031 279 1101 397; x_wconf 65' lang='lat' dir='ltr'>lai</span> 
     </span>
    </p>
   </div>
   <div class='ocr_carea' id='block_1_2' title="bbox 62 498 1211 1677">
    <p class='ocr_par' dir='ltr' id='par_1_2' title="bbox 62 498 1211 1677">
     <span class='ocr_line' id='line_1_2' title="bbox 67 498 1103 601; baseline -0.002 -25"><span class='ocrx_word' id='word_1_6' title='bbox 67 507 126 576; x_wconf 88' lang='lat' dir='ltr'>Ire</span> <span class='ocrx_word' id='word_1_7' title='bbox 142 501 239 591; x_wconf 84' lang='lat' dir='ltr'>loca,</span> <span class='ocrx_word' id='word_1_8' title='bbox 263 521 300 575; x_wconf 91' lang='lat' dir='ltr'>et</span> <span class='ocrx_word' id='word_1_9' title='bbox 314 500 503 575; x_wconf 81' lang='lat' dir='ltr'>scrobibus</span> <span class='ocrx_word' id='word_1_10' title='bbox 518 498 702 601; x_wconf 78' lang='lat' dir='ltr'>superabit</span> <span class='ocrx_word' id='word_1_11' title='bbox 720 516 818 573; x_wconf 85' lang='lat' dir='ltr'>terra</span> <span class='ocrx_word' id='word_1_12' title='bbox 825 500 1000 601; x_wconf 80' lang='lat' dir='ltr'>repletis:</span> <span class='ocrx_word' id='word_1_13' title='bbox 1028 498 1103 574; x_wconf 79' lang='lat'>235</span> 
     </span>
     <span class='ocr_line' id='line_1_3' title="bbox 64 631 1211 737; baseline -0.007 -25"><span class='ocrx_word' id='word_1_14' title='bbox 64 635 203 737; x_wconf 87' lang='lat' dir='ltr'>Spissus</span> <span class='ocrx_word' id='word_1_15' title='bbox 224 660 329 736; x_wconf 80' lang='lat' dir='ltr'>ager3</span> <span class='ocrx_word' id='word_1_16' title='bbox 371 635 495 735; x_wconf 83' lang='lat' dir='ltr'><strong>glebas</strong></span> <span class='ocrx_word' id='word_1_17' title='bbox 527 638 735 710; x_wconf 83' lang='lat' dir='ltr'>cunctantis</span> <span class='ocrx_word' id='word_1_18' title='bbox 762 631 952 734; x_wconf 82' lang='lat' dir='ltr'>crassaque</span> <span class='ocrx_word' id='word_1_19' title='bbox 978 653 1082 734; x_wconf 81' lang='lat' dir='ltr'>terga</span> <span class='ocrx_word' id='word_1_20' title='bbox 1199 702 1211 725; x_wconf 69' lang='lat'><strong>,</strong></span> 
     </span>
     <span class='ocr_line' id='line_1_4' title="bbox 63 766 1068 873; baseline -0.006 -26"><span class='ocrx_word' id='word_1_21' title='bbox 63 773 260 873; x_wconf 83' lang='lat' dir='ltr'>Exspecta,</span> <span class='ocrx_word' id='word_1_22' title='bbox 294 791 331 845; x_wconf 90' lang='lat' dir='ltr'>et</span> <span class='ocrx_word' id='word_1_23' title='bbox 349 772 478 846; x_wconf 88' lang='lat' dir='ltr'>validis</span> <span class='ocrx_word' id='word_1_24' title='bbox 505 789 642 843; x_wconf 84' lang='lat' dir='ltr'>terram</span> <span class='ocrx_word' id='word_1_25' title='bbox 668 766 866 869; x_wconf 83' lang='lat' dir='ltr'>proscinde</span> <span class='ocrx_word' id='word_1_26' title='bbox 886 771 1068 842; x_wconf 89' lang='lat' dir='ltr'>iuuencis.</span> 
     </span>
     <span class='ocr_line' id='line_1_5' title="bbox 63 901 1075 1005; baseline -0.008 -23"><span class='ocrx_word' id='word_1_27' title='bbox 63 908 162 982; x_wconf 86' lang='lat' dir='ltr'>Salsa</span> <span class='ocrx_word' id='word_1_28' title='bbox 185 927 310 980; x_wconf 87' lang='lat' dir='ltr'>autem</span> <span class='ocrx_word' id='word_1_29' title='bbox 336 906 461 997; x_wconf 87' lang='lat' dir='ltr'>tellus,</span> <span class='ocrx_word' id='word_1_30' title='bbox 508 925 545 981; x_wconf 90' lang='lat' dir='ltr'>et</span> <span class='ocrx_word' id='word_1_31' title='bbox 568 930 666 1005; x_wconf 85' lang='lat' dir='ltr'>quae</span> <span class='ocrx_word' id='word_1_32' title='bbox 696 901 915 1002; x_wconf 85' lang='lat' dir='ltr'>perhibetur</span> <span class='ocrx_word' id='word_1_33' title='bbox 940 928 1075 995; x_wconf 87' lang='lat' dir='ltr'>amara,</span> 
     </span>
     <span class='ocr_line' id='line_1_6' title="bbox 62 1035 1008 1141; baseline -0.006 -25"><span class='ocrx_word' id='word_1_34' title='bbox 62 1042 243 1141; x_wconf 81' lang='lat' dir='ltr'>Frugibus</span> <span class='ocrx_word' id='word_1_35' title='bbox 266 1039 396 1114; x_wconf 83' lang='lat' dir='ltr'>infelix</span> <span class='ocrx_word' id='word_1_36' title='bbox 426 1047 492 1133; x_wconf 89' lang='lat' dir='ltr'>(ea</span> <span class='ocrx_word' id='word_1_37' title='bbox 520 1066 592 1115; x_wconf 88' lang='lat' dir='ltr'>nec</span> <span class='ocrx_word' id='word_1_38' title='bbox 618 1035 832 1111; x_wconf 81' lang='lat' dir='ltr'>mansuescit</span> <span class='ocrx_word' id='word_1_39' title='bbox 856 1036 1008 1126; x_wconf 90' lang='lat' dir='ltr'>arando,</span> 
     </span>
     <span class='ocr_line' id='line_1_7' title="bbox 62 1169 1102 1274; baseline -0.008 -24"><span class='ocrx_word' id='word_1_40' title='bbox 62 1177 144 1250; x_wconf 81' lang='lat' dir='ltr'>Nee</span> <span class='ocrx_word' id='word_1_41' title='bbox 181 1176 339 1248; x_wconf 85' lang='lat' dir='ltr'>Baccho·</span> <span class='ocrx_word' id='word_1_42' title='bbox 356 1182 493 1274; x_wconf 77' lang='lat' dir='ltr'>genus,</span> <span class='ocrx_word' id='word_1_43' title='bbox 541 1194 606 1247; x_wconf 90' lang='lat' dir='ltr'>aut</span> <span class='ocrx_word' id='word_1_44' title='bbox 625 1177 747 1274; x_wconf 89' lang='lat' dir='ltr'>pomis</span> <span class='ocrx_word' id='word_1_45' title='bbox 775 1170 837 1244; x_wconf 87' lang='lat' dir='ltr'>sua</span> <span class='ocrx_word' id='word_1_46' title='bbox 856 1176 1012 1245; x_wconf 82' lang='lat' dir='ltr'>nomina</span> <span class='ocrx_word' id='word_1_47' title='bbox 1031 1169 1102 1246; x_wconf 90' lang='lat' dir='ltr'>ser·</span> 
     </span>
     <span class='ocr_line' id='line_1_8' title="bbox 680 1311 1098 1400; baseline 0.002 -22"><span class='ocrx_word' id='word_1_48' title='bbox 680 1311 782 1400; x_wconf 88' lang='lat' dir='ltr'>vat),</span> <span class='ocrx_word' id='word_1_49' title='bbox 1023 1313 1098 1390; x_wconf 71' lang='lat'>240</span> 
     </span>
     <span class='ocr_line' id='line_1_9' title="bbox 62 1438 1055 1541; baseline 0.005 -28"><span class='ocrx_word' id='word_1_50' title='bbox 62 1441 159 1514; x_wconf 89' lang='lat' dir='ltr'>Tale</span> <span class='ocrx_word' id='word_1_51' title='bbox 182 1440 285 1514; x_wconf 85' lang='lat' dir='ltr'>dabit</span> <span class='ocrx_word' id='word_1_52' title='bbox 308 1439 510 1540; x_wconf 84' lang='lat' dir='ltr'>specimen:</span> <span class='ocrx_word' id='word_1_53' title='bbox 553 1458 594 1511; x_wconf 92' lang='lat' dir='ltr'>tu</span> <span class='ocrx_word' id='word_1_54' title='bbox 621 1438 724 1538; x_wconf 85' lang='lat' dir='ltr'>spisso</span> <span class='ocrx_word' id='word_1_55' title='bbox 745 1445 885 1515; x_wconf 82' lang='lat' dir='ltr'>vimine</span> <span class='ocrx_word' id='word_1_56' title='bbox 908 1440 1055 1541; x_wconf 80' lang='lat' dir='ltr'>qualos,</span> 
     </span>
     <span class='ocr_line' id='line_1_10' title="bbox 63 1571 971 1677; baseline -0.001 -29"><span class='ocrx_word' id='word_1_57' title='bbox 63 1575 237 1677; x_wconf 87' lang='lat' dir='ltr'>Colaque</span> <span class='ocrx_word' id='word_1_58' title='bbox 262 1576 477 1676; x_wconf 85' lang='lat' dir='ltr'>praelarum</span> <span class='ocrx_word' id='word_1_59' title='bbox 509 1571 660 1647; x_wconf 86' lang='lat' dir='ltr'>sumosrs</span> <span class='ocrx_word' id='word_1_60' title='bbox 685 1575 814 1676; x_wconf 85' lang='lat' dir='ltr'>deripe</span> <span class='ocrx_word' id='word_1_61' title='bbox 847 1579 971 1664; x_wconf 83' lang='lat' dir='ltr'>tectis3</span> 
     </span>
    </p>
   </div>
   <div class='ocr_carea' id='block_1_3' title="bbox 58 1788 1100 2290">
    <p class='ocr_par' dir='ltr' id='par_1_3' title="bbox 58 1788 1100 2290">
     <span class='ocr_line' id='line_1_11' title="bbox 141 1788 1098 1862; baseline -0.004 -15"><span class='ocrx_word' id='word_1_62' title='bbox 141 1793 192 1847; x_wconf 76' lang='lat'>235</span> <span class='ocrx_word' id='word_1_63' title='bbox 202 1792 349 1862; x_wconf 74' lang='lat' dir='ltr'>superarit</span> <span class='ocrx_word' id='word_1_64' title='bbox 372 1790 464 1859; x_wconf 80' lang='lat' dir='ltr'>fragm.</span> <span class='ocrx_word' id='word_1_65' title='bbox 486 1789 583 1841; x_wconf 85' lang='lat' dir='ltr'>Moret.</span> <span class='ocrx_word' id='word_1_66' title='bbox 667 1789 718 1842; x_wconf 79' lang='lat'>236</span> <span class='ocrx_word' id='word_1_67' title='bbox 737 1788 875 1858; x_wconf 77' lang='lat' dir='ltr'>versaque</span> <span class='ocrx_word' id='word_1_68' title='bbox 900 1804 981 1860; x_wconf 80' lang='lat' dir='ltr'>terga</span> <span class='ocrx_word' id='word_1_69' title='bbox 999 1790 1098 1843; x_wconf 82' lang='lat' dir='ltr'>Moret.</span> 
     </span>
     <span class='ocr_line' id='line_1_12' title="bbox 60 1872 1096 1950; baseline -0.002 -20"><span class='ocrx_word' id='word_1_70' title='bbox 60 1892 164 1950; x_wconf 79' lang='lat' dir='ltr'>quart..</span> <span class='ocrx_word' id='word_1_71' title='bbox 184 1876 262 1930; x_wconf 82' lang='lat' dir='ltr'>male.</span> <span class='ocrx_word' id='word_1_72' title='bbox 331 1877 380 1943; x_wconf 81' lang='lat'>237</span> <span class='ocrx_word' id='word_1_73' title='bbox 398 1877 435 1927; x_wconf 81' lang='lat' dir='ltr'>Et</span> <span class='ocrx_word' id='word_1_74' title='bbox 444 1874 549 1943; x_wconf 70' lang='lat' dir='ltr'>spem</span> <span class='ocrx_word' id='word_1_75' title='bbox 562 1872 669 1926; x_wconf 70' lang='lat' dir='ltr'>Seruius</span> <span class='ocrx_word' id='word_1_76' title='bbox 682 1872 794 1945; x_wconf 64' lang='lat' dir='ltr'>legeram</span> <span class='ocrx_word' id='word_1_77' title='bbox 815 1872 900 1945; x_wconf 75' lang='lat' dir='ltr'>lapsus</span> <span class='ocrx_word' id='word_1_78' title='bbox 916 1873 1096 1945; x_wconf 71' lang='lat' dir='ltr'>frequented.</span> 
     </span>
     <span class='ocr_line' id='line_1_13' title="bbox 59 1957 1097 2017; baseline -0.002 0"><span class='ocrx_word' id='word_1_79' title='bbox 59 1967 173 2017; x_wconf 76' lang='lat' dir='ltr'>Exerce</span> <span class='ocrx_word' id='word_1_80' title='bbox 192 1978 218 2014; x_wconf 86' lang='lat' dir='ltr'>et</span> <span class='ocrx_word' id='word_1_81' title='bbox 238 1961 349 2015; x_wconf 74' lang='lat' dir='ltr'>validis</span> <span class='ocrx_word' id='word_1_82' title='bbox 366 1960 446 2013; x_wconf 81' lang='lat' dir='ltr'>Rom.</span> <span class='ocrx_word' id='word_1_83' title='bbox 468 1958 554 2011; x_wconf 88' lang='lat' dir='ltr'>Pierii.</span> <span class='ocrx_word' id='word_1_84' title='bbox 604 1975 630 2012; x_wconf 82' lang='lat' dir='ltr'>et</span> <span class='ocrx_word' id='word_1_85' title='bbox 650 1974 710 2012; x_wconf 82' lang='lat' dir='ltr'>ante</span> <span class='ocrx_word' id='word_1_86' title='bbox 730 1959 841 2012; x_wconf 76' lang='lat' dir='ltr'>vulldts</span> <span class='ocrx_word' id='word_1_87' title='bbox 861 1959 889 2012; x_wconf 86' lang='lat' dir='ltr'>in</span> <span class='ocrx_word' id='word_1_88' title='bbox 906 1957 1005 2011; x_wconf 83' lang='lat' dir='ltr'>Medic.</span> <span class='ocrx_word' id='word_1_89' title='bbox 1026 1978 1042 2013; x_wconf 76' lang='lat' dir='ltr'>a</span> <span class='ocrx_word' id='word_1_90' title='bbox 1061 1980 1097 2015; x_wconf 88' lang='lat' dir='ltr'>m.</span> 
     </span>
     <span class='ocr_line' id='line_1_14' title="bbox 58 2043 1097 2123; baseline 0 -22"><span class='ocrx_word' id='word_1_91' title='bbox 58 2068 100 2123; x_wconf 86' lang='lat' dir='ltr'>pr.</span> <span class='ocrx_word' id='word_1_92' title='bbox 122 2048 218 2101; x_wconf 80' lang='lat' dir='ltr'>aberat.</span> <span class='ocrx_word' id='word_1_93' title='bbox 302 2057 353 2113; x_wconf 72' lang='lat'>²4⁰</span> <span class='ocrx_word' id='word_1_94' title='bbox 371 2047 432 2098; x_wconf 80' lang='lat' dir='ltr'>Nee</span> <span class='ocrx_word' id='word_1_95' title='bbox 454 2044 569 2096; x_wconf 82' lang='lat' dir='ltr'>Baccho</span> <span class='ocrx_word' id='word_1_96' title='bbox 598 2043 685 2097; x_wconf 73' lang='lat' dir='ltr'>decus</span> <span class='ocrx_word' id='word_1_97' title='bbox 709 2044 811 2097; x_wconf 81' lang='lat' dir='ltr'>emend.</span> <span class='ocrx_word' id='word_1_98' title='bbox 830 2047 870 2097; x_wconf 87' lang='lat' dir='ltr'>Io.</span> <span class='ocrx_word' id='word_1_99' title='bbox 888 2043 1042 2108; x_wconf 65' lang='lat' dir='ltr'>Schrader„</span> <span class='ocrx_word' id='word_1_100' title='bbox 1069 2063 1097 2102; x_wconf 83' lang='lat' dir='ltr'>vt</span> 
     </span>
     <span class='ocr_line' id='line_1_15' title="bbox 58 2126 1100 2202; baseline -0.002 -14"><span class='ocrx_word' id='word_1_101' title='bbox 58 2137 126 2190; x_wconf 75' lang='lat' dir='ltr'>Aen.</span> <span class='ocrx_word' id='word_1_102' title='bbox 147 2135 180 2193; x_wconf 89' lang='lat'>11.</span> <span class='ocrx_word' id='word_1_103' title='bbox 202 2135 236 2201; x_wconf 83' lang='lat'>89</span> <span class='ocrx_word' id='word_1_104' title='bbox 275 2150 432 2202; x_wconf 76' lang='lat' dir='ltr'>nomenque</span> <span class='ocrx_word' id='word_1_105' title='bbox 458 2129 597 2200; x_wconf 78' lang='lat' dir='ltr'>decusque</span> <span class='ocrx_word' id='word_1_106' title='bbox 626 2126 769 2201; x_wconf 77' lang='lat' dir='ltr'>Geffimus.</span> <span class='ocrx_word' id='word_1_107' title='bbox 819 2132 852 2183; x_wconf 73' lang='lat' dir='ltr'>At</span> <span class='ocrx_word' id='word_1_108' title='bbox 877 2128 983 2184; x_wconf 88' lang='lat' dir='ltr'>Colum.</span> <span class='ocrx_word' id='word_1_109' title='bbox 1009 2132 1044 2192; x_wconf 80' lang='lat' dir='ltr'>X,</span> <span class='ocrx_word' id='word_1_110' title='bbox 1064 2133 1100 2186; x_wconf 78' lang='lat'>38</span> 
     </span>
     <span class='ocr_line' id='line_1_16' title="bbox 62 2213 1096 2290; baseline 0.002 -20"><span class='ocrx_word' id='word_1_111' title='bbox 62 2223 126 2288; x_wconf 79' lang='lat' dir='ltr'>(luo</span> <span class='ocrx_word' id='word_1_112' title='bbox 150 2217 258 2270; x_wconf 79' lang='lat' dir='ltr'>Bacchi</span> <span class='ocrx_word' id='word_1_113' title='bbox 279 2238 367 2290; x_wconf 75' lang='lat' dir='ltr'>genus</span> <span class='ocrx_word' id='word_1_114' title='bbox 392 2231 457 2277; x_wconf 84' lang='lat' dir='ltr'>aut,</span> <span class='ocrx_word' id='word_1_115' title='bbox 495 2233 527 2268; x_wconf 83' lang='lat' dir='ltr'>ex</span> <span class='ocrx_word' id='word_1_116' title='bbox 550 2214 603 2267; x_wconf 85' lang='lat' dir='ltr'>hoc</span> <span class='ocrx_word' id='word_1_117' title='bbox 622 2214 677 2286; x_wconf 89' lang='lat' dir='ltr'>ipso</span> <span class='ocrx_word' id='word_1_118' title='bbox 706 2213 776 2268; x_wconf 86' lang='lat' dir='ltr'>loco.</span> <span class='ocrx_word' id='word_1_119' title='bbox 832 2225 949 2269; x_wconf 73' lang='lat' dir='ltr'>numina</span> <span class='ocrx_word' id='word_1_120' title='bbox 968 2217 1096 2273; x_wconf 82' lang='lat' dir='ltr'>Rottend.</span> 
     </span>
    </p>
   </div>
   <div class='ocr_carea' id='block_1_4' title="bbox 49 2301 1192 2378">
    <p class='ocr_par' dir='ltr' id='par_1_4' title="bbox 49 2301 1192 2378">
     <span class='ocr_line' id='line_1_17' title="bbox 49 2301 1192 2378; baseline 0.001 -21"><span class='ocrx_word' id='word_1_121' title='bbox 49 2306 152 2377; x_wconf 81' lang='lat' dir='ltr'>seruet</span> <span class='ocrx_word' id='word_1_122' title='bbox 171 2301 283 2357; x_wconf 81' lang='lat' dir='ltr'>Mentel.</span> <span class='ocrx_word' id='word_1_123' title='bbox 302 2324 342 2378; x_wconf 90' lang='lat' dir='ltr'>pr.</span> <span class='ocrx_word' id='word_1_124' title='bbox 422 2312 547 2368; x_wconf 77' lang='lat' dir='ltr'>241tum</span> <span class='ocrx_word' id='word_1_125' title='bbox 564 2317 629 2353; x_wconf 76' lang='lat' dir='ltr'>rnna</span> <span class='ocrx_word' id='word_1_126' title='bbox 649 2301 740 2355; x_wconf 74' lang='lat' dir='ltr'>Merd.</span> <span class='ocrx_word' id='word_1_127' title='bbox 777 2301 901 2372; x_wconf 71' lang='lat' dir='ltr'>squalor</span> <span class='ocrx_word' id='word_1_128' title='bbox 924 2303 997 2358; x_wconf 81' lang='lat' dir='ltr'>Leid.</span> <span class='ocrx_word' id='word_1_129' title='bbox 1021 2323 1096 2359; x_wconf 72' lang='lat' dir='ltr'>vaus.</span> <span class='ocrx_word' id='word_1_130' title='bbox 1169 2340 1192 2377; x_wconf 42' lang='grc' dir='ltr'>,ᾗ</span> 
     </span>
    </p>
   </div>
   <div class='ocr_carea' id='block_1_5' title="bbox 49 2385 1059 2479">
    <p class='ocr_par' dir='ltr' id='par_1_5' title="bbox 49 2385 1059 2479">
     <span class='ocr_line' id='line_1_18' title="bbox 49 2385 1059 2479; baseline 0 -36"><span class='ocrx_word' id='word_1_131' title='bbox 49 2391 162 2463; x_wconf 77' lang='lat' dir='ltr'>sprffus</span> <span class='ocrx_word' id='word_1_132' title='bbox 172 2411 201 2443; x_wconf 81' lang='lat' dir='ltr'>v.</span> <span class='ocrx_word' id='word_1_133' title='bbox 218 2392 320 2462; x_wconf 75' lang='lat' dir='ltr'>qualos</span> <span class='ocrx_word' id='word_1_134' title='bbox 333 2386 561 2479; x_wconf 24' lang='lat' dir='ltr'>LongobzPierii,</span> <span class='ocrx_word' id='word_1_135' title='bbox 585 2385 626 2438; x_wconf 82' lang='lat' dir='ltr'>ed.</span> <span class='ocrx_word' id='word_1_136' title='bbox 642 2387 710 2440; x_wconf 76' lang='lat' dir='ltr'>Van.</span> <span class='ocrx_word' id='word_1_137' title='bbox 778 2396 830 2454; x_wconf 68' lang='lat'>242</span> <span class='ocrx_word' id='word_1_138' title='bbox 852 2386 946 2458; x_wconf 78' lang='lat' dir='ltr'>dtrlpa</span> <span class='ocrx_word' id='word_1_139' title='bbox 962 2389 1059 2462; x_wconf 70' lang='lat' dir='ltr'>plures.</span> 
     </span>
    </p>
   </div>
   <div class='ocr_carea' id='block_1_6' title="bbox 52 2559 1132 4284">
    <p class='ocr_par' dir='ltr' id='par_1_6' title="bbox 57 2559 1096 2945">
     <span class='ocr_line' id='line_1_19' title="bbox 59 2559 1096 2641; baseline -0.001 -15"><span class='ocrx_word' id='word_1_140' title='bbox 59 2582 94 2627; x_wconf 78' lang='lat' dir='ltr'>rt</span> <span class='ocrx_word' id='word_1_141' title='bbox 110 2570 145 2624; x_wconf 86' lang='lat' dir='ltr'>in</span> <span class='ocrx_word' id='word_1_142' title='bbox 165 2562 241 2624; x_wconf 90' lang='lat' dir='ltr'>boni</span> <span class='ocrx_word' id='word_1_143' title='bbox 264 2561 314 2621; x_wconf 86' lang='lat' dir='ltr'>seu</span> <span class='ocrx_word' id='word_1_144' title='bbox 334 2565 469 2620; x_wconf 88' lang='lat' dir='ltr'>muneris</span> <span class='ocrx_word' id='word_1_145' title='bbox 489 2581 560 2641; x_wconf 84' lang='lat' dir='ltr'>par·</span> <span class='ocrx_word' id='word_1_146' title='bbox 601 2560 669 2632; x_wconf 83' lang='lat' dir='ltr'>bus,</span> <span class='ocrx_word' id='word_1_147' title='bbox 689 2564 731 2621; x_wconf 87' lang='lat' dir='ltr'>ita</span> <span class='ocrx_word' id='word_1_148' title='bbox 745 2559 805 2631; x_wconf 88' lang='lat' dir='ltr'>hic,</span> <span class='ocrx_word' id='word_1_149' title='bbox 827 2561 1021 2622; x_wconf 76' lang='lat' dir='ltr'>nobilitatem</span> <span class='ocrx_word' id='word_1_150' title='bbox 1042 2562 1096 2625; x_wconf 82' lang='lat' dir='ltr'>de·</span> 
     </span>
     <span class='ocr_line' id='line_1_20' title="bbox 59 2663 1096 2746; baseline -0.003 -18"><span class='ocrx_word' id='word_1_151' title='bbox 59 2685 93 2728; x_wconf 89' lang='lat' dir='ltr'>te</span> <span class='ocrx_word' id='word_1_152' title='bbox 113 2667 192 2727; x_wconf 85' lang='lat' dir='ltr'>sunt.</span> <span class='ocrx_word' id='word_1_153' title='bbox 237 2667 419 2743; x_wconf 77' lang='lat' dir='ltr'>tergaagri,</span> <span class='ocrx_word' id='word_1_154' title='bbox 439 2685 468 2721; x_wconf 83' lang='lat' dir='ltr'>v.</span> <span class='ocrx_word' id='word_1_155' title='bbox 486 2666 558 2736; x_wconf 78' lang='lat'>236,</span> <span class='ocrx_word' id='word_1_156' title='bbox 601 2663 728 2746; x_wconf 71' lang='lat' dir='ltr'>signare.</span> <span class='ocrx_word' id='word_1_157' title='bbox 776 2665 964 2745; x_wconf 78' lang='lat' dir='ltr'>specimen,</span> <span class='ocrx_word' id='word_1_158' title='bbox 1000 2664 1096 2725; x_wconf 88' lang='lat' dir='ltr'>docu-</span> 
     </span>
     <span class='ocr_line' id='line_1_21' title="bbox 57 2766 1094 2849; baseline 0.003 -22"><span class='ocrx_word' id='word_1_159' title='bbox 57 2771 101 2829; x_wconf 81' lang='lat' dir='ltr'>‹le</span> <span class='ocrx_word' id='word_1_160' title='bbox 125 2767 300 2849; x_wconf 86' lang='lat' dir='ltr'>superficie,</span> <span class='ocrx_word' id='word_1_161' title='bbox 346 2770 381 2827; x_wconf 90' lang='lat' dir='ltr'>in</span> <span class='ocrx_word' id='word_1_162' title='bbox 404 2787 465 2848; x_wconf 84' lang='lat' dir='ltr'>qua</span> <span class='ocrx_word' id='word_1_163' title='bbox 486 2766 559 2827; x_wconf 89' lang='lat' dir='ltr'>sulci</span> <span class='ocrx_word' id='word_1_164' title='bbox 601 2782 757 2837; x_wconf 89' lang='lat' dir='ltr'>mentum,</span> <span class='ocrx_word' id='word_1_165' title='bbox 786 2767 910 2844; x_wconf 70' lang='grc' dir='ltr'>δεῖγμα,</span> <span class='ocrx_word' id='word_1_166' title='bbox 938 2767 1094 2846; x_wconf 82' lang='lat' dir='ltr'>probatio,</span> 
     </span>
     <span class='ocr_line' id='line_1_22' title="bbox 57 2864 919 2945; baseline -0.003 -13"><span class='ocrx_word' id='word_1_167' title='bbox 57 2872 149 2934; x_wconf 79' lang='lat' dir='ltr'>siunt.</span> <span class='ocrx_word' id='word_1_168' title='bbox 601 2864 758 2945; x_wconf 65' lang='grc' dir='ltr'>ἀπόδειξις.</span> <span class='ocrx_word' id='word_1_169' title='bbox 914 2871 919 2876; x_wconf 74' lang='grc'>’</span> 
     </span>
    </p>

    <p class='ocr_par' dir='ltr' id='par_1_7' title="bbox 52 2966 1132 4284">
     <span class='ocr_line' id='line_1_23' title="bbox 125 2966 1132 3049; baseline 0.006 -21"><span class='ocrx_word' id='word_1_170' title='bbox 125 2973 249 3034; x_wconf 81' lang='lat'><strong>238-</strong></span> <span class='ocrx_word' id='word_1_171' title='bbox 271 2976 342 3049; x_wconf 74' lang='lat'>247.</span> <span class='ocrx_word' id='word_1_172' title='bbox 384 2966 499 3027; x_wconf 81' lang='lat' dir='ltr'>Salsum</span> <span class='ocrx_word' id='word_1_173' title='bbox 527 2984 559 3028; x_wconf 86' lang='lat' dir='ltr'>et</span> <span class='ocrx_word' id='word_1_174' title='bbox 646 2975 838 3048; x_wconf 66' lang='lat' dir='ltr'>adr-247.</span> <span class='ocrx_word' id='word_1_175' title='bbox 866 2968 946 3027; x_wconf 88' lang='lat' dir='ltr'>Rem</span> <span class='ocrx_word' id='word_1_176' title='bbox 965 2971 1027 3032; x_wconf 89' lang='lat' dir='ltr'>vid.</span> <span class='ocrx_word' id='word_1_177' title='bbox 1051 2975 1096 3034; x_wconf 86' lang='lat' dir='ltr'>in·</span> <span class='ocrx_word' id='word_1_178' title='bbox 1122 3012 1132 3020; x_wconf 29' lang='lat' dir='ltr'>e</span> 
     </span>
     <span class='ocr_line' id='line_1_24' title="bbox 57 3070 1095 3154; baseline 0.001 -19"><span class='ocrx_word' id='word_1_179' title='bbox 57 3095 198 3135; x_wconf 82' lang='lat' dir='ltr'>amarum</span> <span class='ocrx_word' id='word_1_180' title='bbox 213 3071 309 3132; x_wconf 91' lang='lat' dir='ltr'>solum</span> <span class='ocrx_word' id='word_1_181' title='bbox 325 3070 433 3150; x_wconf 85' lang='lat' dir='ltr'>sapore</span> <span class='ocrx_word' id='word_1_182' title='bbox 454 3071 562 3151; x_wconf 85' lang='lat' dir='ltr'>explo·</span> <span class='ocrx_word' id='word_1_183' title='bbox 600 3077 705 3154; x_wconf 88' lang='lat' dir='ltr'>primis</span> <span class='ocrx_word' id='word_1_184' title='bbox 733 3093 782 3152; x_wconf 86' lang='lat' dir='ltr'>ap.</span> <span class='ocrx_word' id='word_1_185' title='bbox 808 3071 953 3151; x_wconf 90' lang='lat' dir='ltr'>Geopon.</span> <span class='ocrx_word' id='word_1_186' title='bbox 976 3072 1022 3144; x_wconf 90' lang='lat'>11,</span> <span class='ocrx_word' id='word_1_187' title='bbox 1058 3096 1095 3135; x_wconf 86' lang='grc' dir='ltr'>ιο</span> 
     </span>
     <span class='ocr_line' id='line_1_25' title="bbox 56 3174 1096 3256; baseline 0.003 -19"><span class='ocrx_word' id='word_1_188' title='bbox 56 3193 163 3249; x_wconf 86' lang='lat' dir='ltr'>ratur,</span> <span class='ocrx_word' id='word_1_189' title='bbox 209 3194 289 3256; x_wconf 84' lang='lat' dir='ltr'>aqua</span> <span class='ocrx_word' id='word_1_190' title='bbox 317 3174 386 3233; x_wconf 89' lang='lat' dir='ltr'>colo</span> <span class='ocrx_word' id='word_1_191' title='bbox 416 3174 558 3256; x_wconf 83' lang='lat' dir='ltr'>eliquata.</span> <span class='ocrx_word' id='word_1_192' title='bbox 601 3192 634 3236; x_wconf 88' lang='lat' dir='ltr'>et</span> <span class='ocrx_word' id='word_1_193' title='bbox 653 3199 698 3237; x_wconf 81' lang='grc' dir='ltr'>ιι.</span> <span class='ocrx_word' id='word_1_194' title='bbox 728 3176 767 3248; x_wconf 88' lang='lat' dir='ltr'>V,</span> <span class='ocrx_word' id='word_1_195' title='bbox 782 3193 812 3253; x_wconf 84' lang='lat'>7.</span> <span class='ocrx_word' id='word_1_196' title='bbox 868 3174 984 3254; x_wconf 80' lang='lat' dir='ltr'>Quales</span> <span class='ocrx_word' id='word_1_197' title='bbox 1008 3180 1096 3241; x_wconf 85' lang='lat' dir='ltr'>vimi·</span> 
     </span>
     <span class='ocr_line' id='line_1_26' title="bbox 56 3275 1096 3351; baseline 0.004 -12"><span class='ocrx_word' id='word_1_198' title='bbox 56 3280 99 3339; x_wconf 82' lang='lat' dir='ltr'>cs.</span> <span class='ocrx_word' id='word_1_199' title='bbox 123 3278 246 3338; x_wconf 88' lang='lat' dir='ltr'>Colum.</span> <span class='ocrx_word' id='word_1_200' title='bbox 271 3277 310 3349; x_wconf 83' lang='grc' dir='ltr'>ΙΙ,</span> <span class='ocrx_word' id='word_1_201' title='bbox 337 3297 366 3347; x_wconf 83' lang='lat' dir='ltr'>a,</span> <span class='ocrx_word' id='word_1_202' title='bbox 386 3297 437 3348; x_wconf 80' lang='lat' dir='ltr'>ao,</span> <span class='ocrx_word' id='word_1_203' title='bbox 466 3292 498 3335; x_wconf 92' lang='lat' dir='ltr'>et</span> <span class='ocrx_word' id='word_1_204' title='bbox 519 3277 558 3337; x_wconf 87' lang='lat' dir='ltr'>de</span> <span class='ocrx_word' id='word_1_205' title='bbox 599 3298 694 3350; x_wconf 85' lang='lat' dir='ltr'>neos,</span> <span class='ocrx_word' id='word_1_206' title='bbox 716 3275 768 3337; x_wconf 87' lang='lat' dir='ltr'>seu</span> <span class='ocrx_word' id='word_1_207' title='bbox 787 3275 939 3351; x_wconf 73' lang='lat' dir='ltr'>calathos,</span> <span class='ocrx_word' id='word_1_208' title='bbox 969 3284 1096 3344; x_wconf 81' lang='lat' dir='ltr'>accola</span> 
     </span>
     <span class='ocr_line' id='line_1_27' title="bbox 55 3378 1095 3465; baseline 0.001 -21"><span class='ocrx_word' id='word_1_209' title='bbox 55 3381 171 3444; x_wconf 77' lang='lat' dir='ltr'>Arbor.</span> <span class='ocrx_word' id='word_1_210' title='bbox 189 3383 221 3454; x_wconf 81' lang='lat'>3,</span> <span class='ocrx_word' id='word_1_211' title='bbox 240 3383 269 3444; x_wconf 81' lang='lat'>6.</span> <span class='ocrx_word' id='word_1_212' title='bbox 301 3398 388 3461; x_wconf 81' lang='lat' dir='ltr'>quae</span> <span class='ocrx_word' id='word_1_213' title='bbox 405 3378 558 3459; x_wconf 80' lang='lat' dir='ltr'>perhibe·</span> <span class='ocrx_word' id='word_1_214' title='bbox 594 3381 798 3462; x_wconf 77' lang='lat' dir='ltr'>praelatum,</span> <span class='ocrx_word' id='word_1_215' title='bbox 815 3379 845 3440; x_wconf 82' lang='lat' dir='ltr'>lt.</span> <span class='ocrx_word' id='word_1_216' title='bbox 860 3379 993 3461; x_wconf 86' lang='lat' dir='ltr'>supponi</span> <span class='ocrx_word' id='word_1_217' title='bbox 1005 3405 1095 3465; x_wconf 84' lang='lat' dir='ltr'>prue-</span> 
     </span>
     <span class='ocr_line' id='line_1_28' title="bbox 57 3482 1095 3564; baseline 0.004 -22"><span class='ocrx_word' id='word_1_218' title='bbox 57 3501 118 3545; x_wconf 82' lang='lat' dir='ltr'>tnr</span> <span class='ocrx_word' id='word_1_219' title='bbox 152 3503 288 3555; x_wconf 77' lang='lat' dir='ltr'>antara,</span> <span class='ocrx_word' id='word_1_220' title='bbox 332 3501 426 3564; x_wconf 83' lang='lat' dir='ltr'>quam</span> <span class='ocrx_word' id='word_1_221' title='bbox 464 3482 557 3563; x_wconf 81' lang='lat' dir='ltr'>vulgo</span> <span class='ocrx_word' id='word_1_222' title='bbox 600 3484 636 3545; x_wconf 86' lang='lat' dir='ltr'>lis</span> <span class='ocrx_word' id='word_1_223' title='bbox 655 3504 782 3543; x_wconf 83' lang='lat' dir='ltr'>vuarum</span> <span class='ocrx_word' id='word_1_224' title='bbox 799 3498 830 3542; x_wconf 90' lang='lat' dir='ltr'>et</span> <span class='ocrx_word' id='word_1_225' title='bbox 851 3483 1003 3546; x_wconf 87' lang='lat' dir='ltr'>oliuarum</span> <span class='ocrx_word' id='word_1_226' title='bbox 1025 3489 1095 3552; x_wconf 83' lang='lat' dir='ltr'>soli-</span> 
     </span>
     <span class='ocr_line' id='line_1_29' title="bbox 57 3580 1095 3666; baseline 0.009 -20"><span class='ocrx_word' id='word_1_227' title='bbox 57 3605 197 3646; x_wconf 83' lang='lat' dir='ltr'>amaram</span> <span class='ocrx_word' id='word_1_228' title='bbox 221 3585 388 3666; x_wconf 73' lang='lat' dir='ltr'>appellant,</span> <span class='ocrx_word' id='word_1_229' title='bbox 436 3580 500 3642; x_wconf 82' lang='lat' dir='ltr'>Nifi</span> <span class='ocrx_word' id='word_1_230' title='bbox 516 3581 558 3643; x_wconf 84' lang='lat' dir='ltr'>est</span> <span class='ocrx_word' id='word_1_231' title='bbox 600 3601 648 3658; x_wconf 85' lang='lat' dir='ltr'>ta,</span> <span class='ocrx_word' id='word_1_232' title='bbox 691 3600 725 3645; x_wconf 87' lang='lat' dir='ltr'>vt</span> <span class='ocrx_word' id='word_1_233' title='bbox 746 3605 863 3646; x_wconf 88' lang='lat' dir='ltr'>nouum</span> <span class='ocrx_word' id='word_1_234' title='bbox 884 3585 1016 3650; x_wconf 86' lang='lat' dir='ltr'>mustum</span> <span class='ocrx_word' id='word_1_235' title='bbox 1043 3611 1095 3656; x_wconf 81' lang='lat' dir='ltr'>aut</span> 
     </span>
     <span class='ocr_line' id='line_1_30' title="bbox 56 3685 1096 3776; baseline 0.004 -28"><span class='ocrx_word' id='word_1_236' title='bbox 56 3709 118 3770; x_wconf 84' lang='lat' dir='ltr'>pro</span> <span class='ocrx_word' id='word_1_237' title='bbox 136 3685 233 3769; x_wconf 86' lang='lat' dir='ltr'>simpl.</span> <span class='ocrx_word' id='word_1_238' title='bbox 255 3685 308 3765; x_wconf 83' lang='lat' dir='ltr'>est.</span> <span class='ocrx_word' id='word_1_239' title='bbox 357 3685 488 3764; x_wconf 78' lang='lat' dir='ltr'>infelix,</span> <span class='ocrx_word' id='word_1_240' title='bbox 511 3688 559 3744; x_wconf 90' lang='lat' dir='ltr'>in·</span> <span class='ocrx_word' id='word_1_241' title='bbox 600 3690 705 3750; x_wconf 90' lang='lat' dir='ltr'>oleum</span> <span class='ocrx_word' id='word_1_242' title='bbox 728 3692 761 3747; x_wconf 90' lang='lat' dir='ltr'>in</span> <span class='ocrx_word' id='word_1_243' title='bbox 781 3690 817 3747; x_wconf 79' lang='lat' dir='ltr'>iia</span> <span class='ocrx_word' id='word_1_244' title='bbox 839 3707 1001 3770; x_wconf 80' lang='lat' dir='ltr'>exceptum</span> <span class='ocrx_word' id='word_1_245' title='bbox 1024 3718 1096 3776; x_wconf 84' lang='lat' dir='ltr'>per-</span> 
     </span>
     <span class='ocr_line' id='line_1_31' title="bbox 56 3790 1095 3878; baseline 0.007 -27"><span class='ocrx_word' id='word_1_246' title='bbox 56 3791 205 3851; x_wconf 75' lang='lat' dir='ltr'>fecunda.</span> <span class='ocrx_word' id='word_1_247' title='bbox 267 3799 338 3868; x_wconf 77' lang='lat'><strong>240.</strong></span> <span class='ocrx_word' id='word_1_248' title='bbox 366 3790 483 3849; x_wconf 87' lang='lat' dir='ltr'>Vinum</span> <span class='ocrx_word' id='word_1_249' title='bbox 506 3808 558 3871; x_wconf 84' lang='lat' dir='ltr'>ge-</span> <span class='ocrx_word' id='word_1_250' title='bbox 600 3793 718 3853; x_wconf 88' lang='lat' dir='ltr'>coletur</span> <span class='ocrx_word' id='word_1_251' title='bbox 739 3811 775 3850; x_wconf 82' lang='lat' dir='ltr'>ac</span> <span class='ocrx_word' id='word_1_252' title='bbox 796 3791 948 3873; x_wconf 83' lang='lat' dir='ltr'>liquetur,</span> <span class='ocrx_word' id='word_1_253' title='bbox 981 3794 1095 3878; x_wconf 74' lang='lat' dir='ltr'>deripe</span> 
     </span>
     <span class='ocr_line' id='line_1_32' title="bbox 55 3891 1092 3976; baseline 0.003 -21"><span class='ocrx_word' id='word_1_254' title='bbox 55 3891 280 3955; x_wconf 82' lang='lat' dir='ltr'>nerosiffimum</span> <span class='ocrx_word' id='word_1_255' title='bbox 302 3906 334 3953; x_wconf 85' lang='lat' dir='ltr'>et</span> <span class='ocrx_word' id='word_1_256' title='bbox 358 3911 454 3972; x_wconf 87' lang='lat' dir='ltr'>poma</span> <span class='ocrx_word' id='word_1_257' title='bbox 477 3895 559 3970; x_wconf 89' lang='lat' dir='ltr'>opti·</span> <span class='ocrx_word' id='word_1_258' title='bbox 601 3897 695 3954; x_wconf 82' lang='lat' dir='ltr'>tectis</span> <span class='ocrx_word' id='word_1_259' title='bbox 709 3893 866 3973; x_wconf 77' lang='lat' dir='ltr'>fitmofis‚</span> <span class='ocrx_word' id='word_1_260' title='bbox 896 3917 971 3976; x_wconf 88' lang='lat' dir='ltr'>pro,</span> <span class='ocrx_word' id='word_1_261' title='bbox 999 3899 1092 3963; x_wconf 85' lang='lat' dir='ltr'>sume.</span> 
     </span>
     <span class='ocr_line' id='line_1_33' title="bbox 55 3994 1094 4084; baseline 0.006 -27"><span class='ocrx_word' id='word_1_262' title='bbox 55 4018 108 4058; x_wconf 89' lang='lat' dir='ltr'>ma</span> <span class='ocrx_word' id='word_1_263' title='bbox 128 4000 163 4057; x_wconf 89' lang='lat' dir='ltr'>iu</span> <span class='ocrx_word' id='word_1_264' title='bbox 184 3997 239 4056; x_wconf 81' lang='lat' dir='ltr'>tali</span> <span class='ocrx_word' id='word_1_265' title='bbox 259 4011 338 4056; x_wconf 84' lang='lat' dir='ltr'>terra</span> <span class='ocrx_word' id='word_1_266' title='bbox 358 3994 557 4076; x_wconf 81' lang='lat' dir='ltr'>degenerant.</span> <span class='ocrx_word' id='word_1_267' title='bbox 601 3999 735 4057; x_wconf 89' lang='lat' dir='ltr'>Ornatus</span> <span class='ocrx_word' id='word_1_268' title='bbox 756 3996 829 4057; x_wconf 88' lang='lat' dir='ltr'>inde</span> <span class='ocrx_word' id='word_1_269' title='bbox 851 4002 981 4077; x_wconf 78' lang='lat' dir='ltr'>petitus,</span> <span class='ocrx_word' id='word_1_270' title='bbox 1008 4004 1094 4084; x_wconf 88' lang='lat' dir='ltr'>quod</span> 
     </span>
     <span class='ocr_line' id='line_1_34' title="bbox 52 4096 1095 4179; baseline 0.009 -21"><span class='ocrx_word' id='word_1_271' title='bbox 52 4120 164 4179; x_wconf 76' lang='lat' dir='ltr'>genus</span> <span class='ocrx_word' id='word_1_272' title='bbox 180 4115 212 4159; x_wconf 88' lang='lat' dir='ltr'>et</span> <span class='ocrx_word' id='word_1_273' title='bbox 228 4099 375 4169; x_wconf 82' lang='lat' dir='ltr'>nomina,</span> <span class='ocrx_word' id='word_1_274' title='bbox 401 4097 560 4179; x_wconf 80' lang='lat' dir='ltr'>eleganter</span> <span class='ocrx_word' id='word_1_275' title='bbox 599 4096 654 4160; x_wconf 79' lang='lat' dir='ltr'>ista</span> <span class='ocrx_word' id='word_1_276' title='bbox 673 4098 758 4172; x_wconf 83' lang='lat' dir='ltr'>vase,</span> <span class='ocrx_word' id='word_1_277' title='bbox 795 4117 837 4160; x_wconf 86' lang='lat' dir='ltr'>ne</span> <span class='ocrx_word' id='word_1_278' title='bbox 869 4097 998 4164; x_wconf 85' lang='lat' dir='ltr'>humore</span> <span class='ocrx_word' id='word_1_279' title='bbox 1028 4126 1095 4167; x_wconf 88' lang='lat' dir='ltr'>cor·</span> 
     </span>
     <span class='ocr_line' id='line_1_35' title="bbox 53 4196 1094 4284; baseline 0.005 -21"><span class='ocrx_word' id='word_1_280' title='bbox 53 4207 164 4264; x_wconf 85' lang='lat' dir='ltr'>Burm.</span> <span class='ocrx_word' id='word_1_281' title='bbox 184 4214 292 4276; x_wconf 79' lang='lat' dir='ltr'>notat,</span> <span class='ocrx_word' id='word_1_282' title='bbox 324 4214 356 4260; x_wconf 90' lang='lat' dir='ltr'>vt</span> <span class='ocrx_word' id='word_1_283' title='bbox 375 4203 409 4261; x_wconf 90' lang='lat' dir='ltr'>in</span> <span class='ocrx_word' id='word_1_284' title='bbox 427 4196 559 4261; x_wconf 87' lang='lat' dir='ltr'>homini·</span> <span class='ocrx_word' id='word_1_285' title='bbox 598 4217 797 4284; x_wconf 85' lang='lat' dir='ltr'>rumpantur,</span> <span class='ocrx_word' id='word_1_286' title='bbox 835 4204 875 4264; x_wconf 82' lang='lat' dir='ltr'>ad</span> <span class='ocrx_word' id='word_1_287' title='bbox 904 4205 1022 4266; x_wconf 88' lang='lat' dir='ltr'>sumum</span> <span class='ocrx_word' id='word_1_288' title='bbox 1045 4227 1094 4277; x_wconf 84' lang='lat' dir='ltr'>re·</span> 
     </span>
    </p>
   </div>
   <div class='ocr_carea' id='block_1_7' title="bbox 0 0 1350 4914">
    <p class='ocr_par' dir='ltr' id='par_1_8' title="bbox 0 0 1350 4914">
     <span class='ocr_line' id='line_1_36' title="bbox 0 0 1350 4914; baseline 0 3"><span class='ocrx_word' id='word_1_289' title='bbox 0 0 1350 4914; x_wconf 95' lang='lat' dir='ltr'> </span> 
     </span>
    </p>
   </div>
  </div>
 </body>
</html>
