2692 4914
287 371 1033 470 nvcorrcnucr.111,107-111
1136 335 1185 471 9'1

153 554 329 631 Claudite
352 563 428 630 iam
447 563 568 650 riuos,
590 561 715 658 pueri:
754 555 806 629 lat
825 575 931 656 prata
949 557 1136 632 biberunt.

155 792 182 842 p.
197 773 250 826 215
278 770 479 844 adscripserim:
517 770 646 830 necdum,
685 767 733 822 etli
759 768 874 823 discendi
891 770 966 824 valde
986 771 1111 844 cupidus,
1136 766 1190 824 virli

152 861 382 924 rllem‚rationem
403 878 450 917 aut
468 861 652 934 grammaticae
672 875 717 912 rut
737 859 877 914 sententiae
896 859 955 914 setis
981 860 1189 922 consentaneam,

149 970 199 1024 qua
220 951 305 1005 scabri
324 953 354 1004 bi
374 951 458 1005 versus
487 950 593 1005 delendi
613 948 718 1021 poffiut.
761 949 834 1002 Nam
856 966 924 1020 quae
942 947 1050 1002 tandem
1067 949 1133 1001 baec
1151 945 1189 1004 est

148 1040 292 1097 sententia:
342 1043 381 1094 Et
400 1043 496 1094 vitula
523 1056 553 1094 tu
575 1040 678 1112 dt'gnus
698 1053 725 1090 et
745 1038 809 1100 hie,
853 1053 880 1091 et
900 1046 1043 1110 quisquis:
1079 1054 1106 1092 vt
1124 1054 1190 1093 vtet-

148 1150 196 1202 que
219 1131 304 1185 vitula
324 1128 531 1183 remunerandus
551 1129 584 1183 lit
610 1128 701 1200 (atqui
726 1125 791 1181 alter
817 1128 943 1201 poculum
960 1129 1026 1182 ferre
1045 1127 1188 1195 debebat);

147 1221 230 1274 multo
259 1222 351 1273 minus
376 1219 438 1272 ferri
463 1217 566 1291 potest,
604 1234 631 1272 vt
646 1234 672 1272 et
695 1218 784 1270 tertius
805 1218 898 1291 aliquia
916 1218 1023 1272 vitulam
1046 1219 1127 1284 leret,
1162 1234 1190 1274 et

148 1329 238 1363 omnea
256 1310 302 1362 alii
323 1310 472 1381 praemium
486 1309 558 1362 idem
576 1307 674 1371 lerant,
696 1305 838 1378 etquidem
856 1328 912 1361 non
925 1324 1031 1381 propter
1044 1309 1188 1371 victoriam,

146 1397 186 1453 led
212 1415 325 1473 propter
354 1417 457 1452 amoree
489 1397 624 1452 infaustos.
686 1396 752 1466 Quia
781 1396 888 1450 tandem
913 1398 987 1453 locut
1014 1401 1132 1472 praemio
1159 1400 1189 1453 in

144 1487 256 1543 bociet
281 1487 408 1563 quorsum
426 1486 527 1543 vitula?
564 1505 597 1540 an
613 1506 663 1560 pro
680 1485 768 1559 puella
781 1487 885 1541 emata?
919 1489 966 1542 Sin
983 1487 1137 1543 sententiam
1153 1489 1188 1543 ab

145 1578 362 1633 antecedentibus
386 1577 530 1633 seiunctam
549 1577 646 1640 faciae,
664 1592 691 1630 vt
705 1574 753 1630 lit:
788 1576 827 1629 Et
846 1577 888 1628 vel
904 1582 946 1629 At
968 1588 1094 1652 quisquis
1112 1599 1190 1634 amo.

146 1690 185 1723 res
198 1675 262 1724 Aue
284 1684 438 1723 metuet—
452 1685 504 1724 aut
523 1677 698 1741 expertetur,
735 1665 821 1739 primo
844 1664 970 1721 sententia
994 1669 1031 1723 est
1058 1686 1190 1734 contorta,

146 1758 268 1823 obscura,
301 1775 344 1821 et,
370 1758 562 1832 liexpeditarn
583 1758 702 1818 dederis,
727 1774 743 1807 a
762 1754 823 1807 loco
843 1753 943 1818 alienu
977 1757 1100 1830 quorsum
1120 1762 1192 1813 enim

147 1865 251 1922 repente
272 1848 399 1901 amores?
434 1848 468 1902 da
489 1866 569 1904 cantu
589 1846 729 1920 agebatur;
761 1845 908 1915 praemium
928 1846 1070 1901 debebatur
1087 1849 1124 1911 ei,
1145 1849 1192 1921 qui

147 1955 220 1992 centu
246 1937 368 2010 superior
389 1936 467 2002 effet;
507 1958 579 1993 nunc
596 1954 686 1991 autem
704 1934 782 1987 ambo
808 1949 886 1988 cantu
907 1953 980 1990 erant
1004 1957 1094 2010 parea,
1135 1956 1192 1992 nort

149 2046 232 2082 amore
252 2028 347 2081 felices
369 2044 414 2082 aut
433 2027 566 2092 infelicea;
596 2045 654 2082 tum
673 2044 734 2079 vero
756 2026 941 2095 grammaticae
961 2028 1110 2082 aduersatur
1128 2029 1190 2092 boc,

147 2134 171 2172 rt
187 2126 320 2190 quisquis
350 2114 386 2170 fit
406 2118 594 2191 unusquisque.
635 2118 709 2170 Nam
728 2122 854 2185 quisquis
873 2114 1008 2169 relatiuam
1031 2120 1082 2170 vim
1101 2118 1191 2182 habet,
1225 2164 1229 2177 ,

149 2227 190 2260 nec
208 2205 332 2260 absolute
352 2208 418 2276 poni
438 2206 540 2280 potest,
566 2205 616 2260 nili
629 2205 720 2258 addito
735 2219 780 2256 aut
797 2203 977 2261 subintellecto
997 2207 1088 2262 verbo:
1117 2216 1193 2280 quis·

149 2306 204 2366 quir
230 2296 278 2349 ille
305 2294 402 2358 luerit,
441 2297 581 2368 quicquid
610 2294 677 2348 illud
696 2292 749 2347 est:
793 2295 878 2349 multo
898 2299 983 2350 minus
1012 2307 1137 2370 quisquis
1158 2296 1193 2351 de

150 2387 245 2440 duobus
267 2404 320 2459 pro
341 2400 451 2458 vterque
470 2385 572 2440 dietum
590 2383 642 2438 elle
665 2381 760 2456 potest.
808 2385 879 2438 Mihi
900 2387 989 2458 itaque
1012 2389 1193 2462 l'atistliquere

149 2476 257 2538 ridetur,
278 2475 336 2528 duo
356 2474 408 2529 hos
425 2476 510 2529 versun
530 2474 580 2530 effe
599 2474 683 2528 fetum
703 2473 891 2537 Grammatici,
921 2479 965 2549 qui
984 2476 1101 2551 supplere
1121 2478 1194 2531 vole·

150 2565 185 2620 bu
206 2565 370 2620 sententiam
390 2565 505 2620 breuiter
523 2585 539 2618 a
558 2581 637 2637 poeta
656 2564 834 2616 enuntiatam:
880 2566 948 2618 Non
971 2567 1094 2637 nostrum
1116 2578 1192 2621 inter

149 2675 193 2709 uos
208 2672 310 2708 tuntas
330 2673 502 2722 componere
519 2657 592 2708 lites.
630 2655 706 2707 Forte
728 2653 816 2725 plures
838 2655 1048 2728 interpolationis
1069 2674 1190 2711 auctores

151 2743 219 2798 luere.
264 2743 443 2814 Atllcripserat
469 2745 552 2817 prior:
599 2747 637 2799 Et
657 2747 752 2797 vitula
771 2759 801 2795 tu
822 2745 926 2816 diguus
947 2764 973 2799 et
1002 2749 1049 2799 bie
1071 2751 1189 2818 poculo.

152 2834 210 2888 Crlu
232 2836 390 2907 appinxerat
408 2834 473 2886 alius
494 2834 592 2887 tersum
613 2835 809 2905 paraeneticum
830 2837 857 2886 in
878 2843 1009 2907 margine:
1053 2841 1112 2888 Aut
1135 2857 1191 2888 me-

153 2941 203 2979 tuat
224 2927 327 2980 dulces
344 2939 394 2975 aut
416 2932 578 2994 experiatur
599 2945 723 2976 amaros.
765 2925 823 2976 Fuit
838 2923 972 2986 librarius,
993 2927 1038 2997 qui
1053 2941 1191 2995 utrumque

153 3016 242 3069 rerlum
260 3013 333 3067 male
348 3013 556 3068 consarcinatum
574 3016 708 3068 intexeret.
745 3013 854 3066 Fruatur
867 3030 956 3069 tumen
970 3032 1017 3088 per
1031 3033 1074 3065 me
1090 3012 1189 3067 iudicio

154 3109 255 3180 quisque
280 3104 339 3157 luo.

156 3311 248 3356 tutem
279 3293 404 3376 poculo
442 3292 547 3374 fagino
580 3293 648 3351 Me·
690 3311 786 3350 amor
814 3291 965 3370 sociauit
1011 3306 1045 3350 ec
1084 3308 1188 3355 aecor.

155 3400 251 3461 ralcae
274 3398 387 3480 dignus
407 3396 505 3455 videri
526 3393 647 3455 debeat.
690 3396 802 3455 Melius
852 3394 985 3456 Theocr.
1025 3396 1070 3456 VI
1112 3413 1187 3456 extr.
1258 3469 1259 3473 ἵ

156 3499 230 3575 lun,
269 3500 416 3584 quorsum
444 3500 561 3580 reliqua
588 3498 649 3558 hoc
690 3498 766 3580 Νίκη
794 3492 856 3576 polu
879 3497 938 3563 οὐδ’
963 3491 1077 3570 litter,
1107 3503 1189 3558 uicit

158 3606 262 3688 etseq.
287 3603 374 3663 versu
395 3602 549 3682 spectent,
582 3622 650 3661 nou
690 3616 825 3669 neuter,
867 3597 1027 3666 eiuriooxrot
1065 3598 1091 3663 δ”
1123 3602 1188 3678 tel-

160 3705 237 3767 lecile
275 3706 375 3775 dicas;
418 3725 521 3786 neque
562 3708 648 3785 quic·
691 3728 782 3767 rouro.
851 3706 1016 3764 Meliorem
1062 3725 1188 3787 quoque

162 3830 242 3889 quarn
265 3831 303 3869 ex
321 3809 491 3887 Calpurnio
520 3807 584 3865 Ecl.
606 3806 645 3879 11,
689 3810 770 3865 viam
797 3809 867 3865 iniit
891 3810 1006 3888 Popius
1028 3806 1188 3884 Pastoral.

164 3929 196 3988 99
215 3912 344 3984 diuines,
367 3909 421 3968 vbi
441 3908 518 3968 haec
541 3909 648 3967 aduru-
688 3908 714 3981 I,
729 3929 768 3986 92
791 3908 855 3991 sqq.

166 4010 233 4072 bret:
257 4013 333 4090 Este
353 4033 457 4093 pares
477 4027 510 4069 ec
526 4011 569 4067 ab
585 4011 647 4068 lroc
736 4031 803 4068 111.
830 4011 982 4070 Claudite
998 4014 1067 4070 iam
1088 4013 1188 4067 riuos.

170 4116 329 4175 concordes
346 4115 453 4174 uiuite
461 4136 474 4184 ,·
496 4135 574 4171 nam
588 4133 647 4172 uos
688 4109 786 4171 Exille
817 4116 985 4174 Palaemon
1013 4115 1190 4193 intelligen-

173 4215 205 4272 Et
238 4218 336 4278 decor
379 4232 413 4277 et
455 4232 572 4276 cantus
614 4230 647 4276 ec
690 4215 756 4286 dus,
779 4230 811 4277 vt
824 4215 918 4276 serula
931 4215 989 4276 suis
1010 4219 1186 4295 imperaret,
