2692 4914
153 352 225 439 472
358 335 400 407 Ρ.
425 329 676 406 VIRGILII
704 325 983 403 MARONIS

152 530 243 602 Non
278 523 456 615 animum,
474 515 589 589 modo
626 520 679 587 vti
711 510 834 614 palent
869 511 1099 614 prospectus
1126 518 1191 586 ina·

775 661 885 725 nent;
1130 634 1190 708 285

153 783 230 861 Sed
254 783 341 880 quia
369 800 448 847 non
476 771 583 844 aliter
605 774 700 842 vires
724 768 828 842 dabit
848 768 1037 843 omnibus
1067 795 1190 869 aequas

155 921 292 1004 Terra,
322 932 448 1008 neque
468 911 509 978 in
534 927 696 978 vacuum
721 920 904 1002 poterunt
929 899 971 977 le
1002 903 1192 979 extendere

780 1051 886 1098 rami.

210 1120 373 1245 Forlttan
388 1180 436 1252 et,
461 1112 649 1234 scrobibns
667 1185 764 1261 quae
778 1157 848 1233 lint
861 1108 1023 1259 fastigia,
1037 1187 1190 1263 quaeras.

232 1331 283 1383 285
300 1340 346 1386 vt,
364 1323 477 1394 pascat,
496 1323 641 1396 profectus
661 1320 823 1374 librariorum
837 1341 940 1376 errores
958 1324 1015 1376 vid.
1031 1325 1106 1396 apud
1117 1327 1191 1379 Bntn.

157 1418 242 1473 Porro
261 1431 292 1466 ex
306 1409 429 1464 Mediceo
452 1408 543 1462 laudat
562 1405 651 1460 Heius.
692 1415 789 1467 triani,
813 1423 837 1460 vt
858 1407 891 1460 lit
904 1410 1118 1479 projntniute.
1152 1410 1192 1459 le·

158 1519 233 1560 rum,
260 1495 347 1551 lihoc
362 1494 505 1566 legeretur,
538 1491 600 1546 ellet
615 1492 703 1565 potius
722 1491 907 1561 explicandum
927 1494 959 1545 in
981 1512 1057 1556 neae,
1078 1494 1154 1555 caelo,
1172 1509 1191 1544 n

159 1594 248 1643 inane
269 1600 311 1652 ap.
333 1583 435 1634 Luctet.
457 1594 483 1631 et
497 1578 605 1648 virgil,
630 1593 655 1629 vt
668 1577 724 1630 Ecl.
744 1576 791 1636 Vl,
810 1578 851 1657 δί.
890 1579 1039 1650 Fogginitta
1058 1597 1144 1634 tamen
1160 1596 1192 1631 ex-

160 1670 222 1727 cudi
249 1667 351 1721 curauit
376 1673 472 1718 inane.
525 1663 565 1714 Ex
582 1661 659 1715 fimili
684 1661 808 1734 scripture
830 1664 1004 1735 profectum,
1048 1665 1120 1739 qnod
1135 1661 1191 1717 voti

160 1756 252 1815 hibet,
270 1759 367 1805 inane.
407 1752 572 1803 Burmannus
587 1766 600 1799 e
613 1748 738 1800 Britanno
754 1746 845 1801 codice
857 1748 952 1803 laudat
966 1750 1133 1822 prospectu
1145 1758 1192 1802 iu-

164 1850 226 1904 nls,·
260 1837 368 1893 Martin.
389 1834 489 1887 nullam
508 1832 676 1885 variationem
694 1833 805 1885 notauit.
853 1833 901 1887 Eli
919 1833 992 1887 illud
1014 1836 1095 1890 etiam
1113 1856 1127 1890 e
1143 1853 1192 1889 con·

88 1946 93 1961 ·
164 1928 264 1983 lectura
282 1923 352 1976 docti
368 1920 484 1974 Britanni
505 1914 668 1989 propolltum
683 1915 755 1969 Obff.
772 1916 841 1970 misc.
856 1918 921 1971 Vol.
937 1922 961 1982 l,
977 1921 1015 1973 Τ.
1031 1924 1052 1974 l.
1073 1942 1109 1993 pr.
1126 1919 1186 1973 tacit·

164 2011 293 2068 firmanda
307 2028 337 2061 ex
351 2010 414 2058 Aen.
431 2007 451 2064 l,
465 2005 516 2070 463
543 2011 666 2055 animum
684 2009 797 2075 pictura
813 2002 909 2073 pascit
931 2010 1032 2059 luant.
1072 2008 1190 2078 Equidem,

165 2097 187 2152 li
209 2097 249 2149 vel
270 2092 374 2147 codices
399 2089 451 2141 hoc
473 2087 600 2140 haberent
625 2088 757 2158 potiores.
799 2088 910 2142 altentm
936 2090 982 2142 vel
1008 2092 1086 2146 vnina
1110 2091 1191 2146 codicia

165 2181 320 2236 auctoritate
341 2192 440 2234 tuerer,
480 2189 614 2245 tamquam
635 2173 783 2246 exquilitiua
804 2187 829 2227 et
849 2175 974 2245 poeticae
994 2180 1092 2232 rationi
1114 2194 1193 2230 conne-

164 2265 288 2320 nientiut.
324 2259 446 2330 Epitheta
469 2259 505 2310 ita
526 2260 667 2329 permutati
690 2256 723 2310 ad
745 2259 868 2310 maiorem
893 2262 1030 2316 orationi·
1050 2261 1192 2317 venustatem

165 2353 299 2424 quianon
322 2341 485 2396 obseruauit?
520 2351 629 2394 animus
650 2352 745 2396 innatis
761 2341 882 2403 esteiut,
912 2348 959 2417 qui
977 2354 1119 2419 ptolpectu
1134 2345 1190 2401 inani

165 2434 291 2511 pascitur;
329 2445 355 2482 vt
380 2434 490 2478 animus
506 2445 598 2479 vanna
620 2429 689 2488 eiua,
732 2428 776 2499 qui
801 2445 866 2480 vana
883 2427 1012 2498 sequitur.
1063 2433 1157 2487 Transl

165 2519 262 2574 scilicet
283 2514 344 2569 talia
364 2514 390 2565 in
410 2509 526 2563 nollrum
548 2510 693 2565 sermonem
714 2528 854 2584 nequeunt.
900 2514 976 2567 Nam
1000 2537 1084 2572 vanus
1104 2536 1128 2571 et
1144 2519 1191 2570 iaia·

65 2625 69 2637 ’
165 2624 216 2659 nus
241 2602 341 2654 animus
357 2596 414 2649 lnl.
437 2596 546 2668 intelligi
563 2617 593 2650 ac
610 2599 683 2650 reddi
697 2617 752 2650 nott
768 2597 887 2650 debebat.
923 2600 956 2652 In
981 2603 1060 2656 Mile.
1076 2601 1189 2659 obilli,

164 2690 289 2765 pag.344
310 2685 357 2737 Vir
375 2683 468 2735 doctus
497 2686 533 2746 (1.
546 2685 653 2746 Ionin.)
683 2692 804 2735 animum
821 2693 937 2736 inanem
961 2688 1146 2758 interpretatur
1160 2705 1190 2737 t:-

167 2794 260 2834 cuum,
293 2769 414 2828 otiolum,
435 2788 465 2820 ex
479 2769 576 2839 Georg.
590 2771 634 2829 111,
649 2772 679 2830 3;
719 2786 745 2821 at
770 2789 871 2828 vereor,
904 2786 931 2822 vt
957 2771 1017 2826 lioe
1042 2774 1096 2827 lieri
1120 2771 1188 2845 pellit

85 2887 89 2901 ·
166 2858 384 2929 287seallotn.
407 2854 490 2917 abell;
532 2857 646 2908 ethunc
668 2855 793 2927 loquendi
812 2854 924 2908 modum
946 2874 1042 2912 tmere
1059 2862 1188 2914 Muenna.

165 2961 242 3000 notat
261 2941 348 2996 Heinl.
365 2940 399 2993 ad
414 2946 478 2995 Aen.
492 2943 524 3001 ll,
540 2959 597 3010 207.
634 2958 685 2991 nec
708 2939 779 2992 idem
792 2940 871 2993 Rom.

167 3088 273 3143 ¹vinea
299 3081 437 3161 paribus
471 3080 664 3139 interuallis.
707 3076 767 3140 elle
788 3080 871 3140 solet.
947 3085 1024 3164 287.
1059 3086 1097 3146 ln
1121 3083 1188 3143 tenni

171 3187 263 3246 Iubet
293 3189 386 3266 igitur
413 3185 504 3244 Maro
542 3182 664 3242 ordines
707 3185 848 3242 oratione
870 3195 979 3244 tamen
1003 3190 1188 3268 poeticaein·

149 3279 278 3347 titium
314 3286 412 3345 serere
447 3306 552 3364 pares,
598 3303 665 3344 non
707 3283 793 3343 dolet
827 3284 980 3346 elucescit.
1055 3291 1133 3348 Nam
1163 3290 1187 3343 in

167 3386 264 3448 modo
300 3386 511 3446 delectationis
549 3383 663 3459 caulla,
706 3385 793 3465 prola
816 3383 933 3445 luillet:
960 3388 1035 3464 sed
1058 3404 1187 3450 vetem

170 3509 263 3572 quam
291 3491 408 3545 animus
436 3508 472 3545 ex
501 3488 664 3568 prospectu
706 3486 762 3546 dec
790 3501 848 3546 etc.
908 3493 1001 3548 vires
1031 3492 1125 3552 dabit
1146 3509 1187 3548 ae·

171 3595 282 3669 capiat,
306 3591 435 3647 animus
451 3591 579 3656 inanis,
605 3611 663 3672 pro
706 3608 806 3671 quas,
831 3609 906 3668 pro,
939 3613 1045 3675 aeque
1066 3592 1187 3676 suppedi-

169 3698 272 3752 animo
289 3695 371 3764 eius,
398 3696 451 3774 qui
469 3698 593 3752 inanem
610 3713 664 3753 vo·
705 3690 783 3750 tabit
797 3691 954 3767 alimenta,
977 3696 1119 3775 luccnm3
1136 3712 1187 3754 tat·

167 3793 319 3874 luptatem
340 3814 358 3853 e
378 3793 542 3875 prospectu
564 3799 663 3876 capnt
706 3794 777 3854 dem
792 3794 898 3856 addito
904 3833 915 3870 ,
938 3800 976 3861 in
994 3800 1186 3871 vacnum,in

168 3899 224 3978 qui
243 3895 355 3975 probat
375 3918 456 3969 rein,
494 3918 574 3978 quae
597 3912 663 3957 tan·
705 3916 816 3957 aerem.

169 4012 234 4056 tum
272 3998 311 4059 ad
347 4000 537 4077 voluptatem
574 3999 661 4072 lacit,
761 4001 832 4062 288.
864 4000 915 4060 De
937 4002 1104 4065 altitudine
1123 4002 1186 4062 stro·

167 4101 285 4160 nullam
337 4101 495 4159 vtssitatem
550 4098 660 4174 habet,
703 4100 788 4161 bium
804 4105 839 4162 in
857 4102 1039 4183 plantandis
1054 4108 1145 4166 vineit
1163 4112 1187 4160 et

167 4223 246 4282 quae
270 4201 479 4283 patrifamiliae
504 4200 661 4284 propolita
703 4201 836 4279 arbustis.
879 4206 1006 4288 ¹Sittttte
1029 4207 1185 4274 [nobaia
