2692 4914
143 316 218 393 238
468 319 760 392 EXGVRSVS
785 317 849 386 111

354 535 804 629 EXCVRSVS
860 533 970 612 III

222 739 288 814 Du
338 739 383 815 C.
428 739 610 814 cornelio
659 735 781 809 Gallo
818 730 1017 831 flmulque
1062 733 1114 805 de

430 888 695 988 Euphorionis
734 881 907 978 chiliafl.

238 1123 303 1186 nel.
324 1126 386 1199 VI,
411 1127 549 1204 64-γό
583 1128 662 1185 sitm
683 1126 775 1184 eam't
797 1134 962 1180 errantem
976 1116 1129 1197 Permrffi
1143 1118 1193 1178 ad

24 1230 28 1237 ’
145 1221 297 1310 'flumina
312 1229 446 1292 Gallum
462 1246 532 1303 etc„
556 1246 588 1290 et
602 1232 665 1291 Ecl.
676 1233 718 1302 X,
737 1251 753 1289 2
776 1229 891 1288 Pauca
906 1247 979 1285 meo
998 1226 1110 1295 Galle,
1122 1226 1195 1304 sed

131 1424 133 1428 Ι
159 1353 248 1415 quae
260 1336 349 1414 legat
363 1338 435 1420 ipsa
445 1339 590 1418 lycon‘s,
610 1338 766 1397 Carmina
775 1334 860 1412 sum
875 1330 1026 1392 dicenda.

241 1537 293 1601 Est
307 1543 415 1606 Gallus
427 1547 509 1604 inter
521 1562 574 1605 eot
587 1539 738 1613 homines,
758 1545 812 1622 qui
825 1540 954 1600 aliorum
968 1543 1072 1620 potius
1086 1537 1194 1613 laude,

158 1660 253 1723 quam
270 1646 320 1708 sua
335 1655 457 1723 virtute,
486 1668 603 1710 nomen
624 1646 664 1707 ad
683 1643 891 1727 posteritatem
912 1660 1118 1728 propagatum
1144 1645 1199 1704 ha·

159 1743 245 1811 bant.
281 1753 396 1815 Iterum
410 1751 512 1817 nostra
526 1768 627 1815 aetate
639 1752 742 1812 multu
755 1751 794 1811 de
809 1772 848 1813 eo
862 1772 953 1834 egere
967 1755 1024 1810 viri
1038 1750 1124 1810 docti
1138 1771 1199 1830 per

159 1850 296 1933 Italiam,
325 1861 399 1921 dunt
415 1861 534 1922 deeius
548 1862 646 1940 patria
661 1857 870 1929 decertarent,
895 1858 960 1917 aliia
979 1877 1051 1915 eum
1065 1857 1199 1916 Foroiu-

160 1955 302 2038 liensem,
338 1966 403 2028 aliia
421 1963 660 2027 Foroliui‘eniem
688 1959 775 2022 fuiffe
804 1959 1010 2024 afferentibus.
1073 1962 1199 2026 Priores

159 2081 262 2142 parter
286 2085 390 2130 tuetur
409 2066 524 2130 doctiff.
547 2071 713 2129 Fontanini
738 2071 771 2127 in
792 2064 866 2130 Hist.
887 2068 945 2127 litt.
967 2067 1098 2149 Aquilei.
1122 2067 1148 2139 1,
1169 2089 1197 2142 r,

162 2189 256 2251 quem
271 2173 336 2235 fere
351 2173 546 2254 transscripsst
558 2175 603 2234 10.
618 2172 673 2234 Ios.
688 2174 786 2231 Limti
805 2177 858 2248 (in
870 2172 1000 2231 Notizie
1015 2171 1100 2230 delle
1118 2174 1200 2234 Vite

162 2272 209 2332 ed
226 2297 324 2358 opere
336 2280 458 2356 scritta
477 2278 533 2340 λα’
546 2281 711 2339 Loeteratr‘
730 2276 788 2336 det
797 2278 900 2336 Friulr'
913 2279 1112 2359 Tom.1pr.).
1156 2279 1200 2340 At

146 2386 148 2391 ’
160 2400 221 2461 pro
241 2383 514 2460 Foroliuienfibus,
546 2383 614 2469 post
635 2387 835 2471 Peregrinum
858 2383 1040 2456 Maserium,
1076 2385 1199 2465 sigism.

161 2486 366 2554 Marchefium
382 2495 416 2550 in
430 2492 588 2576 supplem.
607 2488 681 2552 Hist.
696 2489 830 2553 Foroliu.
842 2487 895 2547 lib.
911 2488 941 2562 1,
964 2510 995 2572 p.
1008 2491 1061 2570 34,
1088 2504 1121 2549 et
1138 2492 1198 2551 Ge.

163 2590 331 2657 Viuianurn
344 2593 545 2658 Marchefium
560 2600 593 2657 in
605 2597 683 2658 Vitis
698 2591 800 2657 illustr.
814 2596 838 2656 F
839 2595 947 2656 oroliu.
965 2593 1017 2654 lib.
1032 2594 1072 2668 11,
1087 2616 1155 2676 cap.
1167 2600 1199 2674 5,

164 2721 197 2786 p.
214 2722 275 2782 ²27
292 2700 365 2786 sqq„
395 2703 499 2763 denuo
513 2706 664 2785 pugnauit
679 2696 822 2762 eruditiss.
835 2702 1023 2784 Morgagnus
1039 2704 1072 2762 in
1087 2701 1201 2784 Opusc.

163 2805 289 2868 Miscell.
312 2810 348 2870 Ρ.
370 2809 414 2871 III
436 2810 492 2890 Ep.
520 2829 531 2868 t
556 2823 588 2868 et
614 2828 661 2868 10.
703 2807 783 2868 Add.
805 2808 907 2866 Burm.
929 2806 968 2864 ad
986 2804 1114 2866 Anthol.
1132 2808 1198 2867 Lat.

165 2912 227 2974 Το.
240 2912 272 2988 1,
294 2936 326 2997 p.
346 2917 419 2980 553.
469 2914 556 2978 Adeo
573 2930 604 2974 et
619 2912 709 2974 huiua
725 2912 857 2973 hominia
874 2911 1015 2992 exemplo
1038 2909 1200 2992 propofito

166 3033 367 3082 contemnere
396 3021 503 3104 uliquis
530 3020 622 3081 discat
644 3018 777 3082 nominis
797 3018 909 3077 famam
931 3031 962 3078 et
986 3018 1199 3080 immortulita-

164 3136 247 3189 tem=
272 3129 307 3188 in
328 3146 390 3209 qua
412 3142 444 3188 et
461 3126 524 3208 ipsa
545 3126 626 3189 casua
641 3141 674 3187 et
687 3125 811 3187 fortuna
826 3137 945 3208 regnat.

249 3332 390 3417 Contigit
402 3350 507 3397 tamen
518 3341 600 3396 inter
613 3335 690 3414 haec
698 3378 710 3409 ,
729 3350 761 3395 vt
774 3335 887 3407 multa,
907 3352 987 3417 quae
1001 3331 1040 3392 ad
1055 3330 1136 3393 Galli
1149 3351 1197 3392 ret

164 3431 314 3520 spectant,
330 3446 496 3501 accuratius
511 3440 773 3503 constituerentur.
804 3441 919 3500 Contra
935 3460 1009 3500 vero
1024 3459 1084 3499 nec
1098 3444 1199 3500 minut

167 3545 227 3606 ulia
246 3549 379 3605 virorum
402 3546 564 3606 doctorum
579 3551 703 3629 argutiis
719 3547 804 3606 suere
819 3544 964 3624 impedita
981 3558 1013 3604 et
1029 3544 1199 3617 obscurata,

166 3652 261 3711 etiam
279 3655 313 3710 in
328 3655 380 3724 iit,
409 3672 488 3734 quae
512 3652 550 3710 ad
572 3653 733 3734 Virgilium
758 3650 903 3730 spectant.
946 3650 996 3708 De
1022 3654 1120 3709 amica
1138 3651 1200 3727 Ly-

166 3754 279 3815 norr'do
299 3757 485 3839 disputatum
507 3756 550 3819 est
570 3762 604 3820 in
618 3762 741 3840 Argum.
764 3757 828 3816 Ecl.
847 3756 888 3815 X.
930 3755 1094 3836 Ingenium
1106 3754 1201 3812 Galli

165 3877 198 3922 et
218 3862 395 3924 facrtltatam
415 3868 568 3943 poeticam
596 3886 693 3944 pauca
721 3859 866 3923 testantur
893 3860 1079 3941 fragmenta,
1120 3878 1202 3941 quae

165 3965 339 4048 supersunt:
364 3966 521 4031 adstruunt
536 3987 638 4031 autem
654 3991 722 4031 eam
737 3984 873 4029 veterum
890 3971 1074 4048 praeconia,
1104 3968 1202 4046 inque

167 4071 214 4136 hia
236 4074 364 4157 Virgilii.
424 4077 541 4137 Verum
561 4076 697 4138 hicnon
717 4091 779 4136 tam
807 4073 845 4133 ab
862 4074 1028 4155 Elegorum
1054 4069 1202 4131 felicitate

167 4201 238 4241 eum
258 4181 412 4259 celebrat,
449 4204 542 4268 quarn
563 4183 602 4243 ab
624 4184 747 4246 alterius
768 4184 889 4264 generis
910 4182 1067 4241 carmine:
1105 4177 1206 4238 altero
