2692 4914
142 363 200 427 «ρο
312 334 395 411 me
428 330 689 408 cmmmr,
720 304 1035 409 nvcomco'
1083 285 1087 292 ’

147 533 195 601 in
227 520 365 625 quihus
397 520 662 592 retractandis
704 520 808 590 alter
845 534 884 590 et
917 513 1121 616 poliendis
1147 511 1199 612 fi*

149 655 348 729 continuit
353 679 369 735 ,·
421 648 532 746 quod
562 649 746 744 quamuis
775 669 923 744 magno
957 641 1198 743 plerumque

152 783 316 880 ingenio
330 775 495 872 factum
516 795 632 843 nemo
655 788 790 873 neget,
824 772 1040 842 interdum
1058 785 1197 838 tamen

152 925 242 980 tam
272 902 449 1001 sollicite
494 897 693 970 Theocriti
732 894 917 997 vesligia'
938 900 1112 995 premit,
1148 910 1196 965 vt

144 1031 358 1132 sublegere
390 1028 523 1126 potius
548 1024 611 1095 illi
637 1023 740 1121 sua,
784 1039 824 1094 et
854 1022 985 1121 versus
1015 1025 1195 1123 ‘undique

154 1153 389 1255 conquisitos
418 1151 543 1221 latine
579 1167 827 1229 conuertere,
874 1175 999 1249 quam
1023 1151 1104 1245 suo
1136 1155 1195 1221 in·

149 1288 272 1385 genio
298 1285 360 1351 vti
386 1280 585 1349 videatur.
655 1279 735 1349 Sed
761 1278 812 1349 de
839 1277 901 1347 his
925 1282 986 1347 ita
1013 1281 1192 1376 quisque,

152 1412 214 1481 ‘uti
235 1405 392 1477 libitum
414 1399 487 1498 est,
503 1401 667 1498 sentiat.
719 1404 763 1475 Si
781 1421 918 1474 tamen
940 1403 1083 1503 aliqua
1103 1406 1193 1474 Vir-

152 1533 245 1636 gilii
266 1557 317 1604 ea
337 1535 379 1602 in
401 1557 446 1602 re
471 1530 589 1629 culpa
611 1525 686 1625 esl,
726 1533 836 1629 quod
859 1529 1113 1602 Theocriteas
1133 1530 1192 1601 la-

152 1665 281 1734 cinias
308 1655 619 1753 consarcinauit‚
662 1653 767 1752 satis
789 1682 927 1755 graues
949 1683 1104 1756 poenas
1128 1659 1193 1728 de-

132 1790 237 1866 dit,
285 1810 376 1857 cum
398 1780 488 1883 post
520 1807 610 1854 eum
648 1787 722 1854 vix
744 1788 953 1883 quisquam
983 1800 1059 1855 aut
1088 1801 1192 1854 vete

152 1942 247 1990 rum
273 1929 346 1985 aut
382 1915 646 1982 recentiorum
676 1907 874 1981 bucolicos
898 1909 1030 2006 versus
1055 1913 1191 1982 condi-

152 2046 282 2119 derit,
322 2040 418 2137 quin
454 2063 505 2107 eac
548 2036 720 2136 Virgilio
752 2062 905 2108 nouam
929 2036 1192 2137 rhapsodiam

153 2165 424 2240 bucolicorum
442 2159 627 2257 versuum
648 2181 687 2234 et
699 2161 993 2258 sententiarum
1013 2167 1191 2238 adorna-

152 2311 226 2368 ret.
280 2287 472 2362 Facilitas
491 2289 591 2359 haec
608 2293 652 2360 in
671 2290 870 2363 nonnullis
889 2296 1001 2362 vitae
1021 2291 1192 2388 rusticae

152 2414 311 2490 tabellis
337 2432 546 2516 tamquam
575 2414 723 2509 mufiuo
752 2443 870 2516 opere
907 2438 1190 2519 coagmentan-

153 2528 218 2615 dis
238 2542 425 2614 inducere
444 2543 677 2642 plerumque
698 2543 806 2640 solet
824 2542 1014 2618 nascentes
1032 2564 1188 2645 poetas,

153 2687 203 2745 ‘ut
223 2673 266 2740 in
286 2669 434 2766 idylliis
463 2670 678 2741 condendis
706 2673 856 2769 ingenii
872 2671 1098 2768 periculum
1118 2673 1190 2769 sa·

157 2801 279 2878 ciant.
292 2798 323 2889 *)
395 2797 495 2870 Cum
521 2794 762 2867 tabellarum
780 2797 943 2888 harum,
979 2802 1111 2870 vtica
1129 2802 1190 2870 di·

155 2950 273 3003 cam,
300 2950 351 2995 ex
367 2927 456 2994 vita
470 2920 703 3022 pastoritia,
734 2950 838 3022 quae
852 2925 1016 3023 placere
1029 2924 1188 3025 poffint,

152 3056 390 3153 perexiguus
409 3048 465 3145 stt
485 3077 667 3122 numerus
673 3079 689 3136 ,⁰
727 3051 853 3121 multo
877 3051 946 3123 ille
969 3057 1095 3124 etiam
1118 3058 1189 3125 mi·

156 3205 234 3250 nor
249 3179 433 3273 futurus,
477 3175 549 3270 nist
577 3205 599 3249 e
617 3183 707 3248 vita
726 3177 863 3276 prisca
883 3194 922 3248 et
943 3207 993 3250 ex
1020 3185 1187 3281 antiquo

147 3303 336 3400 sermone
357 3303 526 3397 mythico
550 3305 678 3375 multa
699 3308 742 3375 in
764 3300 1016 3403 pastoricium
1033 3304 1189 3403 sermo³

159 3453 252 3499 nem
273 3423 516 3527 migraffent:
559 3431 721 3528 difficile
741 3427 795 3526 est
816 3431 945 3501 multa
966 3435 1010 3503 in
1031 3434 1092 3505 his
1115 3461 1188 3506 va·

156 3559 287 3632 riare,
325 3573 370 3626 vt
390 3583 463 3627 nec
484 3575 619 3630 tamen
640 3585 670 3629 a
683 3555 958 3657 simplicitate,
995 3556 1087 3653 sine
1105 3587 1189 3661 qua

158 3680 235 3753 hoc
247 3708 369 3780 genus
385 3686 547 3783 placere
560 3692 715 3785 nequit,
746 3687 917 3758 recedas.
972 3687 1051 3787 Qui
1063 3692 1188 3786 primi

194 3855 218 3915 ⁴)
237 3853 308 3906 Hinc
325 3855 403 3906 etiam
416 3856 444 3907 in
457 3856 581 3913 bucolicis
596 3877 651 3913 car·
691 3860 744 3913 ciat
769 3859 862 3933 aliquis
892 3857 1006 3913 Cerdam
1028 3861 1069 3912 vei
1090 3864 1189 3934 Many·
1228 3904 1233 3924 .

158 3937 273 3993 minibus
300 3943 370 4007 apud
397 3943 548 4015 interpretes
578 3961 650 3999 tanta
691 3963 755 3997 num
767 3945 826 4016 post
835 3944 967 3999 Vrfinum.
987 3946 1117 4017 Equidem
1131 3966 1186 3998 non

159 4027 237 4097 copia
256 4025 375 4080 locorum
394 4026 516 4082 similium
533 4047 559 4084 et
578 4050 650 4084 com·
691 4029 740 4083 nifi
755 4049 785 4082 ea
799 4031 921 4103 apposui,
940 4049 1006 4103 quae
1021 4046 1066 4082 aut
1079 4031 1186 4084 Maroni

159 4114 260 4184 paratio
291 4111 432 4166 earundem
466 4113 648 4171 sententiarum
691 4131 752 4169 ante
770 4115 860 4170 oculos
880 4118 951 4170 fuere
975 4132 1020 4170 sut
1036 4115 1185 4172 illustratio·

159 4198 245 4253 afferri
267 4216 298 4256 ac
317 4199 443 4254 cumulari
459 4198 532 4256 solet.
567 4201 647 4275 Inspi·
690 4202 730 4256 nis
744 4203 796 4256 vim
817 4202 912 4256 habere
932 4200 1046 4274 poliunt.
