2692 4914
263 300 606 376 ououorcou
639 303 738 375 ctu.
763 304 814 394 11,
834 303 1046 406 top-447
1114 307 1188 405 509

158 492 258 563 Hinc
283 489 407 563 radios
428 481 566 563 triue're
588 494 695 580 rotis,
727 489 816 565 hinc
836 506 1007 591 tympana
1022 487 1212 593 plaustri&
1259 532 1271 553 =

156 623 365 721 Agricolae,
396 641 437 697 et⁴
453 624 593 723 pandas
610 623 748 699 ratibus
763 622 918 724 posuere
934 631 1086 700 carinas.
1113 628 1187 712 445

155 758 367 832 Viminibus
398 758 522 833 salices
548 757 751 850 fecundae,
792 756 986 831 frondibus
1013 760 1115 856 vlmi:
1210 863 1215 875 ι

131 892 208 963 -At
230 911 370 985 myrtus
396 893 525 966 validis
550 890 757 983 hastilibus,
802 910 839 966 et
864 892 965 964 bona
986 893 1086 969 bello

225 1081 276 1140 444
296 1077 350 1126 Hic
365 1074 457 1127 -ht'c
479 1074 576 1128 Mores.
591 1093 630 1145 pr.
669 1111 673 1118 ,
704 1074 756 1141 446
769 1072 858 1128 Potest
878 1074 965 1128 ethic
984 1075 1083 1144 duplici
1104 1076 1185 1132 mode

155 1157 323 1230 interpuugi;
344 1157 451 1220 eutfic,
472 1157 647 1227 vtvulgofiu
673 1174 732 1212 eut:
772 1161 1062 1232 vtmsntbussauces,
1080 1163 1187 1235 secuu-

156 1242 215 1296 dae
222 1243 382 1314 frondibus
400 1247 479 1298 ulmi.
527 1242 608 1314 Quod
627 1245 779 1315 praeferam.
813 1243 966 1316 secundae
993 1249 1098 1302 vitibus
1116 1252 1188 1304 uleus!

152 1327 259 1380 zulich.
277 1345 303 1383 et
315 1329 413 1384 Medic.
430 1349 445 1383 a
460 1350 495 1384 m.
510 1349 565 1401 pu,
592 1344 618 1382 vt
632 1348 673 1401 ep.
688 1330 777 1382 Burru.
793 1347 1021 1385 commemoretur·
1071 1337 1106 1388 At
1122 1336 1188 1407 Fog-

154 1412 220 1484 giuli
235 1413 285 1466 lide
295 1414 447 1486 frontibus
468 1418 538 1468 elmi
557 1414 665 1486 legitur,
701 1415 722 1467 d
744 1414 776 1467 ub
796 1416 894 1468 recenti
914 1435 993 1469 manu
1015 1417 1088 1472 elteri
1109 1435 1120 1472 s
1141 1421 1187 1473 ed·

153 1498 258 1566 scripte.
294 1499 338 1554 Est
355 1501 409 1554 boc
430 1501 536 1573 quidem
556 1501 634 1553 etism
655 1500 683 1554 in
703 1501 776 1554 Leid.
809 1499 970 1572 fraudibus
990 1503 1059 1556 Veu.
1101 1521 1128 1558 et
1139 1505 1185 1577 fr.

153 1582 226 1638 Edd.
245 1584 322 1639 Aldd.
350 1602 377 1640 et
396 1589 464 1641 lunt.
485 1604 545 1639 cusu
562 1584 646 1639 Geth.
670 1599 709 1656 pt.
784 1593 834 1654 447
853 1585 906 1640 Ad
920 1587 1018 1641 Medic.
1040 1607 1055 1641 ι
1075 1608 1111 1642 m.
1130 1611 1185 1664 pn,

154 1737 249 1799 Cotti.
270 1740 325 1801 inf.
340 1733 382 1803 ¹cd
405 1743 482 1802 Aen.
505 1739 575 1813 Vll,
602 1742 650 1802 13.
693 1698 818 1802 hincex
838 1741 896 1802 illis
911 1742 1080 1818 arboribus,
1098 1767 1136 1806 ex
1151 1749 1188 1809 il·

151 1839 215 1911 lx,
244 1845 300 1922 137
322 1843 363 1924 ¹¹)
407 1852 480 1922 444.
501 1845 573 1921 445.
600 1844 650 1903 De
692 1840 729 1901 lis
751 1839 863 1902 fetibus
885 1850 1007 1922 4444.
1051 1849 1186 1920 trirsere,

152 1939 317 2004 arboribus
354 1941 456 2006 rustici
485 1942 652 2006 conficiunt
693 1939 722 2001 h.
747 1956 845 2002 terere
865 1943 981 2020 solent,
1011 1950 1184 2029 atterendo,

151 2059 295 2104 rosarum
321 2047 423 2107 radios
449 2062 481 2108 et
501 2045 651 2127 plaustro·
693 2044 848 2104 tornando
868 2046 1029 2110 conficere.
1078 2066 1185 2114 terere

152 2166 224 2204 rum
252 2162 425 2228 tympana,
454 2146 487 2208 h.
507 2164 591 2210 rotes
613 2171 651 2211 ex
691 2167 750 2226 pro
766 2162 907 2208 tornare:
937 2172 965 2209 v.
988 2151 1028 2211 de
1050 2173 1085 2213 ee
1106 2176 1184 2219 voce

152 2246 257 2309 solidis
271 2249 378 2310 tabulis
393 2265 565 2331 compactas
577 2251 649 2327 (vid.
692 2249 1184 2338 Bentleiadllorat.18et.3,91.

152 2348 268 2410 Scheff.
290 2351 395 2413 delle
415 2351 512 2413 vebic.
532 2352 558 2425 1,
581 2357 600 2417 6
619 2367 651 2414 et
687 2344 837 2432 posuere,
851 2338 980 2414 faciunt:
1002 2375 1039 2416 ex
1053 2356 1185 2438 τιθέναι,

151 2450 186 2511 h.
208 2453 229 2511 l.
249 2455 350 2517 Burm.
393 2455 477 2515 Male
498 2471 577 2516 tecte
597 2476 650 2516 ve·
691 2452 811 2526 θεῖναι,
842 2476 901 2535 pro
923 2450 1126 2540 ποιήσασθαι·
1150 2477 1185 2523 vt

151 2551 328 2616 hiculorum
361 2559 411 2616 elii
445 2561 650 2637 interpretem·
691 2559 781 2617 toties
795 2557 956 2618 Homerus.

149 2660 239 2736 tur),
286 2674 318 2719 et
355 2662 482 2719 nauium
521 2662 647 2718 carinas.
733 2661 806 2736 446.
823 2657 1005 2737 frondibus
1016 2658 1106 2722 ulmi.
1128 2662 1183 2723 vl-

148 2760 244 2817 Hiuc
270 2794 312 2806 —
345 2761 423 2820 hinc
449 2764 549 2841 iungit
574 2760 651 2818 Eur·
691 2779 759 2817 mus
778 2789 821 2804 -
842 2760 1001 2837 frondem
1023 2764 1185 2826 iucundio-

147 2881 296 2934 mennus,
315 2876 348 2922 vt
358 2859 394 2922 fit
410 2882 447 2920 ex
460 2862 518 2920 eliu
533 2893 577 2907 -
592 2861 649 2920 ulia
691 2880 757 2918 reru
773 2858 872 2919 bubus
886 2861 1024 2939 praebet,
1042 2878 1101 2925 etc.
1122 2867 1184 2928 vid.

149 2963 283 3036 arbore,
305 2984 412 3044 parum
430 2961 593 3024 commode
611 2962 649 3021 ed
692 2961 813 3020 Colum.
829 2961 869 3033 V,
887 2965 917 3034 6,
933 2965 952 3024 3
966 2978 997 3023 et
1011 2965 1080 3036 Vll,
1090 2969 1120 3038 3,
1132 2988 1181 3030 21.

147 3087 259 3129 meum
281 3066 406 3148 quidem
435 3065 572 3145 seusum3
598 3063 651 3126 sed
694 3064 790 3123 Varro
812 3062 842 3137 l,
864 3069 916 3140 24,
937 3065 967 3126 3.
1009 3073 1083 3147 447.
1098 3089 1183 3151 myr-

183 3245 209 3306 ')
226 3241 352 3314 Idemque
374 3262 416 3296 rue
428 3261 474 3313 per
488 3242 585 3295 litteras
600 3240 648 3292 do·
689 3238 759 3302 „lice
777 3256 803 3293 et
822 3239 950 3318 Graeciee
977 3259 1009 3293 ex
1029 3261 1123 3313 genere
1140 3249 1183 3300 lu·

147 3328 206 3382 cuit
232 3330 271 3380 lo.
293 3328 372 3381 Andr.
393 3330 515 3399 Murray‚
548 3326 648 3397 collega
688 3324 859 3395 „niperorum
883 3323 932 3380 effe
960 3325 1043 3381 multe
1074 3329 1178 3396 docens,

146 3413 394 3468 coniunctissimus:
451 3412 583 3484 „Codrus
604 3412 648 3463 Li·
690 3428 776 3480 „quae
804 3429 836 3463 co
867 3411 984 3483 inprimis
1017 3410 1182 3472 differunts

145 3499 235 3564 „bani
254 3519 285 3553 ex
306 3500 489 3570 plerorumque
520 3497 644 3550 sententia
686 3496 793 3557 „Pinie,
820 3511 845 3549 et
865 3496 1051 3570 consequenter
1071 3503 1149 3556 etiam
1164 3523 1192 3578 u*

146 3583 210 3648 „eil
230 3585 309 3636 Pinus
330 3583 429 3637 Cedrus
450 3585 542 3643 Lino,
569 3601 643 3654 quae,
686 3580 795 3643 „Cedro
810 3581 978 3643 Libanotics,
1009 3587 1082 3652 quod
1102 3588 1181 3645 llores

149 3666 191 3732 „fi
224 3669 290 3721 tutio
315 3668 437 3724 habende
469 3671 582 3740 persium
608 3666 645 3719 fe·
687 3668 840 3738 „utriusque
860 3667 933 3720 lesus
959 3668 1064 3723 diuerfis
1084 3673 1181 3729 arbori.

148 3753 354 3817 „cundssionis,
406 3755 483 3806 flores
517 3751 645 3806 musculos
686 3753 755 3814 „bus
775 3750 902 3815 insident,
939 3768 964 3806 et
980 3753 1078 3809 fructus
1096 3757 1180 3813 bacci·

147 3858 203 3902 „ec
227 3838 355 3892 femineos
379 3840 407 3892 in
433 3838 525 3892 eadem
556 3836 646 3911 plausu
687 3835 754 3898 „leri
768 3836 834 3890 lunt.
870 3838 988 3909 Speciem
1005 3856 1093 3894 sutem
1110 3861 1180 3898 certo

147 3926 239 3998 „geris
263 3940 289 3978 et
317 3926 431 3979 fructum
463 3922 646 3977 strobileceum
688 3921 810 3984 „definiri
829 3924 955 3980 hactenus
981 3944 1036 3978 uon
1060 3925 1179 4000 suppetit.

148 4010 241 4074 ,.edit;
288 4026 304 4061 ι
339 4009 527 4082 congeneribus
560 4021 646 4058 autem
688 4011 747 4071 „Au
773 4010 908 4082 luniperus
927 4013 1004 4080 Lycia
1021 4012 1121 4064 Lino?
1145 4033 1180 4067 en

147 4091 306 4169 „speciebus
338 4114 384 4167 per
415 4095 477 4148 solie
501 4092 648 4147 fasciculus
689 4095 845 4168 „iuniperus
863 4097 1013 4169 Oxycedrus
1027 4097 1145 4151 Linul‘·

148 4195 250 4246 „aucte
267 4169 440 4253 distinguitur.
469 4182 585 4238 Cedsum
597 4182 647 4234 ltu·
