2700 4906
313 294 411 428 ι730
543 323 588 399 Ρ.
609 322 867 397 vinoun
897 320 1180 397 Mnuours

339 519 442 588 Inter
464 510 564 587 sacra
595 510 746 604 deum,⁴
772 515 1035 612 nocturnique
1065 512 1174 609 orgia
1200 506 1331 599 Bacchi,

341 650 586 749 Discerptum
607 646 703 720 latos
729 651 912 722 iuuenem
938 642 1108 746 sparsere
1135 668 1205 744 per
1230 669 1334 742 agros.

346 850 419 904 euim
443 843 476 905 od
500 849 593 917 χάριν,
625 868 682 921 qua
707 847 817 920 cauffo,
851 863 878 901 et
899 845 1030 899 laudabat
1050 843 1111 915 sup.
1133 863 1158 896 ι.
1185 845 1233 898 150
1268 863 1343 914 pree

347 934 494 999 mercede,·
527 933 638 996 serrem,
676 934 698 988 fi
726 950 779 988 tem
808 933 925 985 ieiunam
946 930 1109 983 seutentiam
1135 947 1151 981 e
1174 945 1253 1000 poete
1274 930 1343 999 proi

348 1019 460 1090 potuisse
491 1021 597 1073 credere
627 1019 666 1072 ste
700 1019 769 1075 esset.
819 1019 989 1071 Burmannus
1025 1014 1122 1069 locum
1155 1013 1275 1066 vitiosum
1301 1032 1323 1068 er

349 1105 492 1162 sanabilem
520 1104 575 1160 fine
605 1105 697 1159 codice
728 1104 837 1158 meliore
868 1102 1019 1156 iudicabat:
1071 1102 1148 1154 idern
1171 1117 1274 1161 temen,
1312 1101 1341 1154 S*

351 1190 456 1263 vestigia
479 1189 585 1261 legens,
614 1191 793 1245 coniectabat:
826 1189 926 1258 Spreta
944 1189 1089 1240 Ciconum
1107 1205 1194 1254 quem
1204 1185 1323 1258 foedere
1340 1214 1347 1224 ι

354 1291 427 1339 tres,
461 1291 488 1330 vt
506 1275 625 1347 nuptitle
644 1277 687 1330 seu
709 1273 857 1346 coniugiale
880 1273 975 1326 soedut
995 1270 1175 1340 intelligatur.
1218 1271 1294 1323 Varie
1311 1290 1345 1323 nc

353 1361 400 1414 bet
424 1363 463 1414 10.
485 1361 643 1424 Schrader..
680 1363 770 1435 quiet
790 1361 912 1413 Cicones
932 1372 1038 1410 matres
1060 1355 1197 1416 malebat,
1230 1373 1256 1409 rt
1269 1356 1348 1410 iuson'

356 1446 482 1509 Latinae,
506 1451 571 1501 Aen.
585 1448 645 1509 vlt,
659 1456 719 1515 400.
754 1443 862 1500 Possunt
883 1441 1039 1500 huiusmodi
1059 1441 1223 1494 variatione·
1246 1443 1326 1512 petius

354 1532 469 1594 tentiae,
493 1551 573 1602 quem
595 1531 770 1586 restitutiones
791 1531 863 1592 eius,
898 1547 965 1602 quae
980 1546 996 1580 e
1010 1543 1096 1598 poete
1120 1527 1241 1599 prosecta
1258 1525 1306 1580 esse
1321 1548 1349 1578 n·

356 1615 453 1690 possit,
472 1616 559 1689 plures
574 1616 677 1673 efferrir
709 1637 732 1670 v.
747 1636 771 1670 c.
805 1617 904 1684 Spreta
930 1633 986 1686 quo
1007 1622 1161 1674 carmine,·
1188 1615 1302 1682 Spretae
1323 1615 1349 1665 Ci

357 1721 425 1755 num
447 1702 563 1773 quando
585 1709 716 1774 agminia·
733 1703 849 1769 Spretee
865 1703 1020 1759 Ciconum,
1040 1718 1098 1769 pro
1116 1700 1258 1750 numina!
1291 1715 1340 1750 mut

356 1783 446 1860 potest
464 1790 582 1858 Spretae
601 1808 633 1842 en
650 1786 730 1859 gloise
749 1801 841 1838 netum
860 1783 925 1846 esse,
959 1803 1022 1836 cum
1041 1783 1124 1837 esset:
1164 1788 1260 1836 Actae
1280 1804 1334 1835 cum

326 1884 328 1888 ⁴
359 1881 438 1925 mine
457 1890 578 1938 marren
609 1872 704 1945 quibus
724 1889 811 1925 tumen
832 1869 899 1922 nihil
921 1871 1000 1942 plane
1021 1870 1056 1922 ed
1074 1887 1349 1924 certumrerummo··

360 1972 419 2011 tum
438 1959 568 2031 proficiet.
586 1989 588 1994 ,
605 1958 687 2028 Quod
711 1958 831 2028 proximo
851 1954 913 2007 loco
933 1954 1011 2007 uerba
1032 1954 1207 2027 suppeditare
1221 1954 1333 2026 possunt,

363 2045 480 2113 Spretue
503 2047 639 2099 Ciconum
660 2062 743 2114 quum
764 2049 878 2094 numt‘ne
901 2055 1020 2101 matres,
1059 2041 1104 2102 ti,
1139 2039 1266 2093 instinctu
1293 2067 1336 2084 un

360 2128 450 2181 surore
468 2129 502 2182 nb
522 2149 553 2182 eo
575 2130 686 2189 iniecto,
713 2130 891 2196 Discerptum
907 2125 1062 2196 sparsere-5
1094 2126 1134 2179 ite
1156 2144 1220 2178 uero
1240 2136 1343 2178 numine

321 2218 325 2228 '
362 2211 517 2283 terpositum
539 2212 576 2268 est
604 2214 689 2266 alieno
712 2212 787 2274 loco;
813 2228 872 2271 aur.
900 2211 980 2284 idque
1003 2210 1131 2263 omnium
1151 2210 1309 2264 seniffimum
1326 2212 1343 2264 s·

363 2299 479 2367 Spretue
499 2301 635 2352 Ciconum
654 2318 738 2368 quum
756 2316 873 2352 munera
901 2313 1006 2349 matres
1029 2298 1116 2349 Inter
1137 2297 1235 2367 sacra
1257 2299 1345 2362 deum

362 2380 396 2437 fit
416 2391 490 2436 inter
514 2404 632 2436 munera
642 2385 734 2454 sacra
753 2383 851 2445 deum,
879 2382 952 2454 quod
967 2381 1086 2434 sollenne
1103 2381 1145 2435 esi
1161 2382 1234 2455 apud
1247 2401 1345 2456 poetae,

364 2468 450 2527 dona,
482 2468 618 2522 desuerit.
704 2471 752 2522 521
775 2477 963 2536 nocturnique
989 2485 1084 2519 omnee
1116 2466 1173 2519 sere
1196 2468 1297 2536 scripti,
1326 2471 1348 2521 in

363 2553 470 2614 Burm.;
497 2555 531 2607 ita
554 2556 640 2626 utique
660 2554 755 2625 optimi
767 2553 864 2609 Medic.
879 2569 905 2605 et
921 2554 1000 2606 Rom.
1016 2569 1042 2605 et
1057 2553 1162 2606 Medic.
1179 2555 1266 2607 Pierii.
1300 2574 1348 2606 noc

364 2657 460 2708 nuque
480 2640 556 2709 pauci
580 2659 640 2692 cum
660 2639 723 2691 edd.
748 2639 824 2693 Aldd.
847 2658 886 2706 pr.
918 2655 943 2691 et
970 2637 1018 2690 sec.
1040 2655 1067 2691 et
1092 2637 1161 2691 hinc
1188 2640 1325 2711 profectis,

365 2724 528 2778 emendatius
550 2742 607 2779 tert.
624 2742 649 2778 ot
661 2726 753 2796 Egnet.
776 2724 808 2778 cl.
825 2724 933 2777 Bentlei.
953 2724 987 2775 ed
1000 2726 1097 2780 Horat
1115 2727 1165 2786 111.
1179 2743 1204 2787 2,
1221 2728 1265 2780 26,
1302 2745 1347 2797 erg

365 2808 512 2864 Zulichem.
581 2813 633 2867 522
651 2819 781 2865 iuuenem
794 2813 868 2863 latos
883 2809 1000 2865 Parthas.

368 2981 519 3043 Ciconum
558 3000 682 3045 matres.
746 3004 864 3043 munus
907 2984 1033 3044 ulterius
1061 3001 1204 3044 amorem
1241 2983 1343 3042 admitt

366 3104 426 3164 pro
451 3081 574 3158 officio,
608 3108 667 3167 pro
691 3089 807 3165 pietate
829 3088 864 3144 in
906 3089 980 3148 521.
1011 3088 1155 3145 Primtun
1185 3107 1284 3169 genus
1309 3108 1346 3167 po

368 3185 559 3259 defunctum,
582 3189 707 3258 inferiis,
731 3186 862 3260 honore,
905 3203 939 3247 nt
959 3192 1086 3268 poetica
1104 3193 1189 3249 ratio
1211 3189 1289 3260 sert,
1318 3193 1337 3248 I
1343 3221 1350 3233 ἰ

365 3309 430 3368 quo
460 3306 599 3349 mortuos
632 3288 861 3372 prosequimur,
895 3291 1003 3369 sacra
1023 3289 1143 3359 deum,
1167 3307 1235 3350 tum
1258 3291 1350 3351 subint

365 3387 448 3450 bene
470 3390 597 3469 dicitur;
633 3396 753 3474 eritque
783 3393 862 3452 ndeo
906 3415 943 3452 ex
960 3396 995 3452 iis
1012 3392 1044 3451 id
1061 3392 1199 3465 sucrum,
1236 3397 1342 3475 inquo

366 3512 431 3574 quo
459 3513 612 3560 munere,
652 3515 712 3576 qua
743 3495 862 3575 Orphei
906 3510 988 3555 ncta:
1019 3498 1110 3553 inter
1135 3499 1244 3573 orgia,
1273 3517 1332 3576 quo

363 3597 480 3674 pietate
501 3599 534 3654 in
552 3599 715 3678 coniugem
739 3602 863 3658 umoris·
904 3600 990 3655 mine
1006 3601 1112 3657 omnin
1126 3596 1210 3658 sacru
1224 3595 1336 3658 enthufi

366 3716 429 3778 que
472 3701 661 3778 pertinacia,
705 3700 845 3781 spretae
851 3742 863 3769 ,
906 3720 941 3759 cn
964 3715 996 3759 et
1015 3697 1141 3783 mystica
1162 3701 1342 3782 appelleban

363 3796 464 3877 sperni
480 3797 677 3880 inputantes,
694 3801 767 3861 dum
784 3825 862 3877 eam,
904 3803 1028 3863 Bacchi
1049 3807 1231 3876 nocturni,
1259 3809 1340 3865 cuius

364 3896 426 3960 hoc
441 3898 623 3962 desiderium
641 3919 767 3983 ereptae
789 3927 863 3966 con·
906 3925 957 3964 ern
991 3922 1090 3966 noctu
1125 3907 1281 3969 celebrari
1311 3909 1349 3970 sol

364 4005 454 4084 iugis,
482 4008 516 4066 iu
531 4018 721 4066 contemtum
738 4005 781 4066 sui
796 4029 863 4068 ver·
905 4009 1005 4069 Porro
1022 4009 1166 4071 llsncrob.
1181 4012 1238 4085 IV,
1254 4015 1274 4075 3
1310 4012 1350 4070 Su

364 4103 490 4168 tebant:
528 4102 613 4192 quasi
638 4105 783 4170 noluisset
810 4112 862 4173 illo
904 4131 985 4171 vero
1010 4112 1103 4173 lucus
1120 4116 1277 4195 inprimis
1290 4130 1347 4197 pat

366 4205 480 4269 ducere
495 4209 585 4270 uliam
602 4209 781 4287 mulierem,
809 4229 863 4276 eut
904 4229 1027 4276 monet.
1095 4216 1251 4296 Occisum
1280 4221 1295 4279 i
1323 4248 1330 4265 ι
