2692 4914
250 319 274 366 ι
547 269 924 367 PRAEFATIO

257 495 305 568 G.
338 495 475 592 Heyne
504 500 705 596 proponit.
749 491 1039 593 Berolini1785,
1060 497 1098 570 8.
1174 499 1292 573 Grato

253 634 379 704 animo
402 635 530 731 accepi
554 635 697 720 omnim
724 629 971 733 transtulique
986 633 1027 703 in
1044 656 1176 706 meum
1193 629 1295 706 vium

254 787 317 853 ea,
365 789 461 864 quae
490 765 549 839 vel
583 765 712 840 locum
733 764 875 841 habere
897 763 1003 866 poffe
1036 766 1099 841 vel
1136 763 1293 841 confilio

252 923 341 972 meo
363 896 587 999 respondere
610 898 825 973 arbitrabar.
888 902 1053 975 Potuere
1079 926 1144 975 me
1166 899 1297 1000 fugere

253 1032 343 1124 ulia,
381 1036 548 1133 inprimis
580 1037 622 1106 in
644 1030 870 1109 versionibus
897 1038 1064 1108 virorum
1092 1034 1296 1109 doctorum

251 1165 424 1256 latentia3
466 1165 635 1243 adhaec
666 1183 794 1239 tamen
819 1164 976 1266 operose
1007 1167 1225 1268 indaganda
1258 1184 1296 1241 et

252 1298 463 1401 colligenda
476 1297 480 1307 '
495 1304 605 1376 nimis
647 1324 750 1374 eram
790 1319 997 1402 occupatur
1028 1307 1071 1375 in
1101 1302 1187 1375 aliie
1223 1298 1294 1375 stu-

253 1435 335 1510 diis.
384 1434 550 1510 Potuere
575 1439 687 1508 etiam
712 1458 782 1533 per
804 1434 1018 1527 interualla,
1063 1435 1203 1538 quibus
1228 1434 1293 1510 de·

250 1567 450 1674 ponendus
476 1594 524 1644 ex
547 1568 719 1643 manibus
742 1588 822 1645 erat
841 1558 1034 1668 Virgilius,
1081 1588 1121 1645 et
1142 1595 1214 1670 per
1237 1573 1294 1643 in-

252 1703 530 1807 terpellationes
569 1701 736 1793 crebras,
782 1701 902 1775 multu
931 1707 1058 1776 animo
1097 1703 1292 1794 excidere

250 1863 366 1920 nemo
390 1842 520 1938 itaque
543 1840 585 1909 in
607 1835 789 1911 inuidiam
814 1835 995 1928 adducat,
1038 1835 1067 1913 fi
1091 1837 1186 1940 quid
1209 1862 1233 1910 a
1258 1834 1295 1911 se

136 2052 141 2066 s
252 1977 440 2050 monitum
472 1968 570 2043 sorte
610 1970 693 2044 non
722 1989 1060 2047 commemoratum
1097 1976 1292 2073 repererit.

251 2103 437 2186 Profeffm
462 2128 617 2204 quoque
640 2108 717 2178 iam
742 2105 790 2180 ab
814 2109 924 2182 initio
947 2132 1069 2198 eram,
1103 2130 1187 2194 non
1208 2129 1293 2180 eam

253 2241 458 2319 editionem
488 2264 553 2313 me
583 2265 733 2339 parere,
780 2268 878 2343 quae
904 2245 1048 2333 omnia,
1091 2264 1193 2341 quae
1226 2264 1293 2311 vn·

253 2403 369 2485 quam
393 2379 435 2462 in
448 2352 646 2449 Maronem
667 2374 923 2450 animaduersa
943 2373 1014 2454 fint
1037 2392 1102 2448 aut
1124 2371 1292 2447 animad-

249 2514 349 2585 verti
372 2505 524 2611 poffint,
548 2509 837 2610 complectatur3
861 2508 927 2585 sed
952 2534 1051 2612 quae
1072 2535 1144 2610 pro
1167 2507 1291 2582 fundo

253 2643 359 2739 effet,
397 2648 460 2721 cui
487 2643 551 2716 alii
574 2640 880 2744 superstruerent,
925 2643 1125 2733 adderent,
1159 2643 1290 2721 deme·

256 2798 351 2870 rent,
374 2803 445 2881 pro
466 2773 622 2853 confilio
647 2797 713 2854 aut
729 2784 877 2870 ratione
899 2798 966 2854 aut
987 2783 1183 2880 copiarum
1207 2774 1288 2851 sua·

251 2943 336 2995 rum
366 2931 557 3018 apparatu.
855 2910 858 2915 ’
932 2886 935 2893 ⁸

328 3053 426 3125 Cum
460 3053 537 3121 iam
573 3065 768 3149 pararetur
805 3071 829 3122 a
863 3045 1014 3121 librario
1057 3069 1162 3119 noua
1186 3044 1290 3134 ,haee

252 3184 388 3275 editio,
412 3181 601 3256 inlunem
625 3181 769 3281 prodiit
790 3182 985 3283 praeclara
1003 3181 1116 3257 nice
1139 3181 1286 3252 Franc.

252 3317 357 3391 Phil.
384 3314 573 3391 Brunclrii
605 3313 773 3391 recensio
800 3317 1038 3417 &gentorati
1064 3313 1200 3390 excuse
1229 3321 1286 3390 ni·
1321 3302 1326 3307 ⁴

251 3448 331 3525 tide
355 3467 394 3523 et
415 3447 624 3524 emendate
694 3450 1019 3526 Animaduerterut
1042 3454 1098 3523 vir
1124 3447 1286 3526 docum-

250 3609 335 3659 mus
358 3583 537 3684 idemque
560 3581 782 3660 acuuffimus
808 3590 977 3678 criticus,
1010 3609 1187 3685 magnam
1211 3582 1286 3662 effe

251 3718 452 3820 scripturae
471 3718 755 3798 inconstantiam
779 3724 819 3793 in
837 3723 1039 3796 Burmarmi
1052 3718 1283 3811 recenfione,

249 3881 276 3930 a
298 3882 372 3957 qua
391 3881 463 3931 nec
488 3855 628 3956 ipsein
656 3857 782 3956 priore
817 3854 986 3931 editione
1010 3854 1191 3930 recedere
1215 3880 1282 3929 vo·

250 3990 411 4082 luerum3
445 3989 582 4068 scilicet
601 3990 707 4094 quod
730 4009 829 4083 tum,
870 4018 957 4067 cum
979 3995 1101 4091 primo
1125 3990 1176 4064 ed
1200 3992 1283 4067 Vir·

250 4127 381 4228 gilium
414 4127 651 4219 accederem,
688 4126 860 4205 noudum
893 4150 1166 4229 cognoueram,
1200 4152 1282 4203 uon
