2692 4914
131 336 934 456 onouctcoun1ss.1v,501-513
1022 375 1099 478 757
1213 430 1225 465 ,

128 553 287 627 leentem
312 557 434 653 tigris,
487 571 527 629 et
565 572 740 653 agentem
780 560 948 632 carmine
985 569 1104 660 quer-'

685 710 764 762 cus.
1016 694 1091 770 510

128 819 181 892 ilis
205 819 373 920 populea
394 845 566 896 maerens
591 817 801 895 Philomela
831 819 896 896 lub
921 826 1052 902 vmbra

128 950 205 1027 illos
231 959 401 1055 queritur
426 952 542 1046 fetus3
585 978 680 1056 quos
702 953 818 1030 durus
844 971 969 1029 arator

128 1087 261 1162 ¹eruens
284 1089 377 1162 nido
396 1089 573 1189 inplumis
608 1089 785 1164 detraxit:
827 1088 950 1163 atille

128 1302 198 1356 ribus
212 1302 347 1357 nonnullis
369 1302 446 1367 edd„
473 1302 533 1357 letis
553 1302 646 1365 docte,
670 1322 731 1356 curn
743 1304 850 1377 gelidis
868 1305 927 1375 sub
948 1303 1032 1378 qliris
1052 1308 1086 1362 do

128 1389 171 1441 bus
193 1387 446 1461 septemnionslibus
468 1389 551 1460 accipi
573 1388 670 1461 pollet,
696 1389 741 1443 led
761 1409 821 1445 mco
846 1391 954 1462 quidem
976 1393 1084 1457 iudicio,

128 1498 131 1520 ι
149 1473 238 1545 aliquo
261 1491 307 1530 sut
319 1475 469 1529 Claudiano
491 1474 604 1545 dignius.
645 1478 679 1529 At
699 1489 788 1528 tuetur
804 1475 906 1547 gelida
926 1475 1006 1548 astra
1019 1479 1088 1532 We-

128 1575 146 1611 ει
165 1558 270 1632 recepit.
306 1559 344 1612 Ex
363 1559 475 1613 laudetis
490 1560 580 1612 [sltem
601 1558 664 1612 lacit
681 1558 783 1613 adrem
799 1561 881 1613 Ouid.
896 1559 978 1633 Epist.
991 1563 1024 1622 ll,
1038 1567 1087 1621 ¹23

128 1643 228 1716 'rigida
248 1648 343 1701 lucem
352 1644 463 1715 fidere,
484 1645 601 1698 etmulto
617 1645 699 1715 magis
710 1646 813 1717 Lucret.¹
827 1646 874 1708 VI,
889 1663 940 1715 720
966 1644 1087 1701 ssebre-

149 1730 256 1803 gelidis
279 1732 315 1783 ab
331 1731 431 1803 stellis
454 1739 519 1785 axis
547 1744 678 1801 aguntur.
732 1730 869 1784 Hactenus
889 1727 1002 1803 praestet
1019 1733 1088 1789 haec

128 1845 139 1868 ¹·
209 1818 258 1872 611
270 1823 426 1889 pampinea
440 1816 486 1869 rnl'.
500 1816 614 1870 Brunck.
678 1814 730 1868 512
743 1813 823 1867 dirus
836 1815 926 1869 Franc-

128 2000 205 2038 uere
225 1979 361 2040 Thebas.
411 1982 484 2044 510.
506 1981 547 2039 ei·
588 1993 664 2042 turn.
720 1974 850 2038 Preffius
875 1977 915 2040 nd
942 1981 1085 2046 Maronis

128 2084 199 2154 ,in
217 2081 367 2156 Threcia,
397 2097 430 2141 vt
451 2097 546 2163 poete
586 2085 740 2141 rationem
787 2082 904 2142 accedit
948 2084 1085 2164 Quintus

132 2198 219 2257 oret,
269 2189 324 2267 qui
360 2182 546 2267 geographi·
589 2182 654 2242 Cal.
668 2183 739 2255 XII,
756 2184 951 2263 481—486,
976 2185 1029 2247 etli
1044 2189 1085 2250 ad

152 2299 183 2345 et
212 2283 369 2369 physicam
397 2286 546 2348 subtilita-
586 2281 785 2344 hirundinem
799 2285 909 2349 eedem
919 2291 1083 2352 transtulit.

141 2385 225 2448 haud
253 2402 349 2448 curat.
408 2391 458 2450 Sic
479 2411 545 2451 cer·
585 2387 655 2447 edd.
678 2387 813 2448 eundern
835 2387 898 2450 ulio
919 2389 992 2453 loco
1013 2393 1083 2468 VII,

128 2491 246 2551 Airicse
280 2486 439 2574 effigneuit
466 2493 544 2555 Aen.
586 2492 649 2569 329
665 2490 729 2572 sqq.
770 2491 847 2550 Non
875 2506 981 2551 eutem
1008 2492 1040 2554 h.
1061 2496 1084 2556 1.

128 2600 164 2673 ²4·
585 2590 649 2671 ipsa
677 2589 764 2651 suum
798 2590 896 2650 filium
927 2597 1086 2658 interemit

128 2693 300 2756 :1.Fundus
315 2690 404 2753 huius
419 2713 546 2774 compa·
585 2708 703 2765 meter,
744 2707 777 2752 vt
801 2690 845 2752 est
870 2696 1085 2782 τεκνολέτειρκ
1121 2773 1124 2781 ‚

129 2799 176 2856 nis
196 2792 399 2857 nobilissimae
428 2793 471 2855 est
493 2815 543 2876 ep.
587 2788 681 2877 ἀηδών
693 2790 839 2874 Sophocl.
856 2793 982 2875 Elsro7.
1001 2799 1087 2860 Huc-

128 2919 178 2959 ier.
203 2898 265 2959 Od.
291 2920 321 2973 r,
349 2899 543 2977 διδ-524,
587 2899 622 2955 tii
649 2910 681 2955 et
708 2892 889 2955 Casteluetri
916 2897 1087 2978 reprehen.

128 3023 178 3073 ix,
192 3005 253 3065 216
266 3000 309 3083 sq.
344 3001 427 3060 Hiuc
441 3001 544 3081 plures
583 2984 686 3059 ¹[lones
706 2995 796 3056 huius
824 2996 903 3070 loci,
944 3003 1085 3083 inprimis

128 3100 240 3178 ellere,
284 3124 363 3187 quos
391 3104 544 3185 collegere
586 3098 724 3159 ‘umbrae
742 3099 925 3181 populeae,
953 3120 1086 3171 eumn.

128 3205 190 3266 lius
204 3220 237 3266 et
250 3205 361 3265 Cerdo.
395 3207 436 3266 At
449 3225 545 3266 nemo
587 3222 662 3264 men
677 3201 836 3286 sequetur:
856 3201 929 3262 Flet
941 3221 1085 3279 noctem,

128 3312 220 3368 tntius
229 3310 359 3368 varieuit
368 3323 400 3367 et
410 3311 545 3382 ornauit,
589 3326 706 3378 exeo,
741 3306 828 3388 quod
848 3309 989 3386 poeticae
1013 3330 1085 3371 cum
1118 3368 1124 3383 ,

128 3433 145 3471 n
169 3407 312 3470 Moschus
334 3408 388 3483 1v,
421 3430 458 3469 21
490 3408 546 3493 sq„
588 3411 716 3469 rationis
740 3421 773 3467 et
791 3411 865 3466 artis
886 3421 952 3466 turn
971 3416 1085 3472 oratio.

128 3528 200 3573 net
219 3511 317 3592 ipiurn
330 3511 476 3594 Virgilius
493 3532 547 3572 an·
589 3514 638 3571 nis
692 3508 775 3569 haud
831 3508 1085 3586 recordabuntur,

128 3615 231 3678 oculos
271 3611 408 3673 hebuiffe
449 3613 548 3674 videri
588 3611 747 3694 profectae
761 3609 840 3671 sunt.
880 3611 1009 3672 Vmbra
1023 3630 1087 3674 tem

128 3714 168 3792 st,
193 3716 274 3777 forte
296 3736 366 3775 cum
380 3712 547 3776 Parthenio
589 3718 751 3795 proprium
775 3728 808 3773 et
834 3727 1021 3795 perpetuum
1043 3712 1087 3777 est

128 3842 187 3882 .c.
206 3840 240 3880 11
264 3817 304 3878 de
318 3815 449 3901 Byblide
468 3815 550 3900 ἄηδο.
593 3814 711 3876 arboris
741 3804 939 3890 attributum,
987 3831 1021 3877 vt
1046 3818 1086 3879 ad

128 3946 201 3982 r-
230 3915 289 3983 αἵτ’
313 3920 358 3983 ἐν)
378 3912 479 4009 βήσσῃ
499 3919 551 3983 Σι.
593 3915 705 3978 caulius
729 3916 867 4001 phyficas
888 3939 924 3978 ac
945 3933 1086 3999 tempore

128 4023 148 4110 ἴῃ
190 4016 293 4105 κούρον
334 4022 404 4106 πέρι
447 4014 551 4107 μόριον
592 4017 1086 4101 respectusplenenonhsbeatur.

128 4125 196 4191 'sven
262 4124 360 4185 Color
395 4140 479 4185 certe
515 4145 551 4184 ec
593 4121 674 4183 conf.
688 4123 876 4203 praeclaram
891 4134 998 4181 notem
1011 4121 1089 4180 Bur·

128 4228 306 4288 rotationis
321 4225 396 4288 inde
416 4223 459 4289 est
476 4227 551 4288 duc·
592 4227 709 4286 manni.
763 4222 931 4308 Populeae
948 4223 1089 4304 frondis

132 4327 228 4392 orci
639 4328 731 4387 Ssss
