2692 4914
152 276 222 377 ιιι
347 305 976 404 1>.νῑιι(ιιιιιιιιιῑιοΝΙδ4

144 487 324 577 ArcadeS,
350 491 490 564 inuidia
511 511 729 591 rumpantur
749 512 788 565 vt
812 493 875 567 ilia
901 491 1047 580 Codro;

145 622 235 712 Aut,
261 619 288 694 fi
306 622 398 697 vltra
417 625 597 724 placitum
618 625 793 717 laudarit,
826 625 985 701 baccare
1008 624 1174 714 frontem

148 755 309 853 Cingite,
355 784 404 832 ne
430 764 505 831 vati
532 778 667 832 noceat
689 760 785 831 mala
805 759 931 858 lingua
956 758 1097 830 futuro.

199 915 230 962 c.
247 889 384 964 Saetoli
408 911 518 991 caput
538 892 613 966 hoc
634 898 714 991 apri
734 892 818 983 tibi,
840 891 968 981 Delia,
994 917 1132 992 paruus

146 1026 194 1097 Et
213 1022 354 1096 ramola
372 1028 501 1099 Micon
520 1029 658 1101 uiuacis
677 1051 819 1101 cornua
847 1028 961 1098 cerui.
1126 1025 1176 1097 30

146 1159 186 1232 Si
206 1162 399 1259 proprium
421 1159 496 1232 hoc
513 1158 647 1250 fuerit,
686 1158 763 1233 leui
782 1159 830 1234 de
849 1182 1037 1232 marmore
1059 1176 1139 1230 tota

147 1383 201 1423 tem
218 1370 316 1424 Medic.
341 1389 531 1444 {impurum
544 1371 678 1426 nonnullis
694 1372 750 1427 eliis
765 1389 806 1446 tp.
822 1374 906 1432 Pier..
926 1370 1015 1426 Heinl'.
1030 1387 1057 1424 ct
1073 1373 1173 1430 norm„

145 1455 214 1510 forts
235 1474 266 1508 ex
287 1457 498 1530 interpretatione
518 1457 631 1521 alterius,
654 1457 726 1531 quod
746 1460 832 1512 minus
846 1459 963 1510 obuium.
1032 1458 1066 1510 26
1086 1457 1175 1509 Codrt

145 1541 242 1596 Moret.
265 1539 312 1593 lec.
336 1557 362 1595 et
380 1540 452 1596 Gud.
474 1560 490 1594 ι
510 1561 546 1594 ιιι.
567 1543 614 1596 lec.
700 1561 734 1612 ²7
752 1542 899 1613 placidum
918 1538 1038 1610 Longob.
1061 1541 1128 1593 Pier.
1150 1557 1176 1594 ct

148 1625 231 1680 Goth.
252 1643 291 1697 pr.
360 1630 393 1680 28
413 1646 449 1681 ns
474 1647 562 1699 puero
585 1644 707 1682 noceant
727 1632 804 1683 ntala
814 1627 901 1700 signa
922 1623 1057 1680 Glollrtor
1075 1626 1176 1678 Burthii

147 1713 215 1770 Adu.
230 1715 272 1783 37,
287 1715 312 1769 5.
338 1712 443 1785 futuro
466 1713 493 1766 in
512 1711 584 1767 Voll.
607 1714 687 1768 altero
708 1712 740 1765 ab
766 1712 856 1765 eudem
878 1728 956 1763 manu
979 1709 1177 1781 superscriptum

139 1799 268 1871 susurro.
336 1816 371 1870 ²9
388 1796 495 1868 Saetosi
516 1796 665 1870 scripturam
677 1799 766 1850 Burni.
783 1797 879 1850 olibris
895 1795 1055 1848 emendauit.
1089 1793 1177 1865 Setofi

149 1885 236 1955 vulgo.
304 1883 457 1951 3o=Mtcon
477 1881 593 1955 reposuit
618 1883 668 1936 vid.
690 1883 745 1955 lup.
764 1883 799 1935 ad
818 1884 862 1943 ΠΙ,
879 1900 917 1933 ιο.
952 1881 1042 1951 Vulgo
1059 1883 1176 1953 Myron.

149 1972 235 2042 Myro
257 1968 322 2022 alter
341 1970 446 2039 Mentg.
479 1986 586 2038 paruos
606 1975 637 2035 (u
651 1988 686 2021 m.
709 1974 765 2040 pr.)
784 1969 821 2022 Et
840 1986 920 2019 raros
933 1970 1066 2038 Amycon
1078 1965 1177 2019 Medic.

148 2056 181 2111 31
201 2059 260 2108 lent
282 2053 352 2117 duo,
373 2069 401 2108 vt
420 2052 509 2108 lolent.

49 2241 62 2253 '
153 2239 315 2302 Obtrectat
355 2240 467 2303 scilicet
504 2241 644 2304 laudibus
684 2240 870 2323 Anthologia
886 2259 1002 2322 graecu.
1026 2239 1180 2320 Supplen·

152 2344 257 2405 Codri.
303 2363 352 2423 27.
372 2334 462 2403 ultro
473 2344 643 2423 placitum,
686 2347 760 2407 dum
774 2364 849 2405 vero
866 2343 995 2416 „Micon
1012 2339 1069 2400 tibi
1087 2341 1179 2410 dicat,

149 2441 273 2524 liplus,
304 2443 467 2527 quamipfi
481 2446 592 2526 placet,
614 2445 642 2505 b.
685 2448 787 2531 quod,
817 2461 848 2505 te
868 2447 1017 2524 propitia,
1049 2442 1180 2502 feliciter

150 2546 286 2620 videtur,
308 2546 467 2607 laudamur
481 2547 519 2607 ab
535 2569 590 2633 eoj
619 2547 643 2608 fi
683 2565 811 2612 venatus
826 2548 951 2606 luerit.“
964 2545 1005 2602 At
1019 2543 1181 2604 obscurum

55 2655 60 2662 ’
150 2647 270 2708 Codrus
302 2667 360 2710 nos
401 2650 566 2711 immodice
612 2666 643 2711 et
685 2649 728 2712 est
758 2650 843 2733 quod
872 2645 1025 2728 sequitur:
1050 2645 1180 2727 fipro·

148 2765 273 2831 praeter
286 2755 444 2813 veritatem
459 2753 572 2812 laudat.
592 2749 644 2812 Est
680 2755 793 2834 prium
825 2751 888 2808 ltoc
921 2768 956 2808 ac
991 2763 1180 2830 perpetuum

150 2867 254 2912 antem
275 2851 377 2912 fascini
407 2875 502 2936 genus
521 2870 642 2927 notum,
675 2855 799 2934 fuerat,
818 2855 965 2934 quoniam
980 2870 1047 2910 non
1063 2866 1178 2917 certum

151 2969 184 3014 vt
197 2954 361 3014 immodica
373 2956 465 3016 laude
479 2953 644 3016 efferantur
684 2954 778 3016 hebet
813 2956 1100 3034 interpretationem
1142 2971 1180 3011 ex

150 3077 206 3130 en,
234 3057 344 3139 quibus
359 3063 426 3140 quit
442 3059 586 3119 inuideat.
613 3079 642 3118 v.
684 3056 753 3139 iplis
769 3055 868 3116 verbis
889 3070 941 3114 aut
965 3075 1001 3114 er
1022 3075 1073 3127 re,
1105 3053 1180 3136 quid

151 3159 260 3220 Cerda.
303 3159 352 3219 De
369 3159 508 3220 baccare
526 3161 586 3221 vid.
604 3160 642 3220 ad
684 3159 758 3219 illud
776 3157 827 3229 fit,
854 3158 939 3238 quod
960 3176 1018 3236 per
1038 3155 1102 3215 ltoc
1125 3156 1180 3215 de·

148 3259 213 3319 Ecl.
230 3260 284 3332 IV,
309 3279 354 3338 19.
683 3260 825 3345 signetur.
853 3261 973 3318 Dicitur
986 3256 1104 3340 aliquid
1117 3253 1180 3316 effe

212 3361 262 3421 50.
290 3362 461 3435 Mirantur,
496 3365 580 3446 quod
602 3363 642 3425 de
679 3365 861 3444 proprium,
890 3358 920 3418 h.
936 3381 963 3419 e.
979 3374 1178 3440 perpetuum,

149 3458 251 3520 alieno
266 3458 385 3541 pallore
400 3477 469 3543 agat
482 3464 640 3547 Corydon,
684 3465 733 3526 vlu
742 3466 1003 3526 etlructucertnm
1016 3481 1051 3520 ec
1065 3475 1177 3533 tutum,

148 3581 216 3622 non
231 3561 268 3621 de
283 3561 322 3625 se.
344 3564 459 3624 Vemm
473 3565 540 3624 suut
553 3564 640 3638 haec,
682 3566 803 3626 firmum
825 3579 856 3625 et
878 3561 991 3622 stabile.
1042 3563 1093 3621 De
1117 3560 1178 3622 hoc

148 3678 181 3722 vt
202 3662 347 3739 diximus,
382 3687 479 3748 parua
506 3673 641 3728 carmina
682 3689 776 3729 nemo
789 3665 916 3727 dubitet.
932 3664 993 3724 Sed
1009 3668 1177 3746 quaeritur,

147 3764 318 3846 prorniscue
342 3769 501 3832 cumulata.
550 3771 641 3830 Nunc
682 3770 756 3853 quid
777 3770 840 3829 hoc
854 3767 898 3827 fit.
934 3768 1013 3825 Cum
1030 3765 1178 3826 dedicen-

148 3867 198 3942 idr
227 3869 311 3950 qu⁰d
331 3868 480 3950 sequitur,
511 3868 553 3931 est
575 3876 639 3952 epi·
682 3888 730 3932 tur
752 3871 845 3951 spolia
871 3870 954 3931 ferae
984 3888 1022 3927 ex
1050 3882 1178 3940 venntu,

148 3975 319 4054 grmnmutis
340 3993 435 4054 genus
456 3971 507 4032 seu
535 3979 654 4034 vonun'
681 3975 801 4035 videtur
816 3974 885 4032 elici
906 3966 991 4052 polle
1008 3990 1026 4030 e
1042 3971 1180 4031 Miconis

149 4095 167 4135 α
201 4070 321 4157 pastore
362 4075 488 4135 Micone
519 4076 639 4136 Dianae
679 4076 827 4158 persona:
846 4072 869 4135 li
885 4089 947 4134 tum
967 4071 1048 4131 felici
1062 4087 1180 4133 venatu

147 4176 271 4257 luctum,
308 4181 357 4241 cui
378 4175 483 4241 similia
510 4177 577 4241 lunt
604 4183 639 4241 in
680 4194 830 4261 perpetuo
852 4181 895 4239 vti
912 4178 1077 4257 contigerit
1101 4189 1179 4252 etc.;
