2692 4914
81 324 159 428 Ἰώ
286 314 332 388 Ρ.
356 311 619 389 vrnorm
650 311 938 388 Minonrs

88 507 219 589 Pastor
243 499 426 578 Aristaeus
453 499 608 600 lugiens
633 503 793 575 Peneia
821 504 979 601 Tempe,

93 640 258 730 Amiffis,
292 657 334 711 vt
354 635 472 726 fama,
502 633 647 734 apibus
669 635 904 736 morboque
934 634 1090 730 fameque,
1166 675 1168 721 :

95 775 225 853 Tristis
246 772 295 846 ad
319 774 476 846 extremi
500 767 652 842 lacrum
672 788 802 870 caput
832 768 971 841 adstitit
988 771 1092 851 amnis,

96 912 222 989 Multa
242 932 422 1011 querens,
475 922 594 1003 atque
626 902 708 979 hac
737 903 898 977 adfatus
918 926 1011 978 voce
1033 922 1125 1001 paren·

748 1046 858 1101 tem:
1078 1023 1126 1094 320

174 1219 226 1284 3¹7
243 1211 394 1283 Anfilteu
408 1208 506 1282 lupar
517 1206 606 1261 Goth.
621 1205 677 1262 [κ.
754 1211 816 1281 3¹9
835 1205 1129 1275 mmihialiqnt

107 1301 179 1373 apud
195 1301 320 1354 Pieriam.
365 1312 518 1349 extremam
535 1294 623 1363 sacri
645 1294 749 1366 fragm.
772 1298 883 1349 Moret.
923 1293 1058 1367 placida
1076 1301 1130 1355 cayti

105 1387 206 1444 Hodie.
280 1385 333 1440 3²⁰
352 1379 459 1454 ὦσαν
477 1379 590 1434 Menid-
610 1398 655 1452 pr.
703 1381 819 1455 effrem
835 1381 927 1436 Goth.
952 1401 992 1455 pr.
1026 1391 1130 1449 parenti!

107 1543 160 1604 De
188 1536 325 1602 Aristaeo
355 1539 419 1598 vid.
444 1535 540 1596 modo
565 1535 608 1594 ad
650 1548 769 1597 taeum
786 1555 895 1600 artent
910 1536 1056 1606 retrrlerit,
1075 1528 1131 1614 qnol

109 1667 141 1707 v.
177 1646 248 1707 283.
313 1641 410 1722 Quod
445 1645 610 1699 inuentum
651 1657 673 1696 ι
699 1638 865 1703 Salmasto
897 1638 1037 1701 affirmari
1062 1637 1131 1702 vido.
1168 1620 1171 1659 ³

110 1745 345 1810 reficiendarum
367 1763 460 1824 apum
475 1742 514 1800 ad
535 1758 609 1800 enm
650 1741 746 1802 nulla
805 1750 998 1805 anctoritate
1044 1735 1133 1798 constat

111 1851 256 1919 refertur,
279 1851 448 1928 ignoratur,
478 1864 541 1928 qno
558 1864 610 1902 ex·
651 1843 750 1924 Sapit
805 1861 918 1907 totum
968 1856 1133 1906 oommertrn

113 1952 221 2034 emplo
235 1951 324 2010 Maro
338 1948 461 2018 lecerit3
485 1950 611 2029 ignora·
654 1962 780 2026 poetae
801 1949 1013 2010 Alexandrini
1031 1947 1134 2025 ingenio

115 2069 169 2114 tur
201 2071 345 2135 quoque,
391 2070 455 2131 qno
487 2063 613 2109 auctore
656 2047 724 2108 ianr
760 2050 966 2117 suauitatem.
1027 2045 1134 2109 Fabula!

115 2153 254 2220 Aristaeo
306 2156 424 2211 crimen
477 2166 612 2213 tentatae
656 2150 759 2230 ipsam
790 2153 841 2212 de
870 2155 1019 2234 bagoaria
1043 2149 1133 2229 exponit

114 2257 283 2341 Eurydices
298 2260 464 2335 impactum
476 2252 523 2314 fit.
566 2254 613 2313 Ex
657 2255 759 2314 Ouid.
775 2254 861 2318 Fast.
880 2258 907 2330 l,
924 2261 999 2328 361,
1018 2248 1133 2316 metii,
1170 2300 1172 2335 ,

114 2362 273 2444 perpetuis
293 2357 359 2416 fere
381 2358 529 2438 exemplis
548 2356 612 2417 Ro·
654 2357 719 2418 361
740 2356 786 2440 sq.
812 2360 855 2418 cf.
869 2350 1133 2442 tangrintil*

114 2481 279 2524 manorum
291 2471 453 2538 poetarum
468 2460 613 2520 adGrae-
653 2456 721 2519 rab.
749 2481 778 2519 c.
796 2464 851 2525 23.
876 2462 988 2546 ibique
1004 2462 1087 2519 Bean.

115 2586 169 2627 cos
186 2564 214 2623 le
230 2567 496 2642 componentium,
518 2566 613 2643 inpri-
724 2563 806 2640 317.
832 2564 995 2625 Aristaeus
1014 2572 1135 2624 exnerit

115 2674 175 2730 mis
201 2665 323 2746 Virgilii
352 2680 383 2724 et
408 2666 544 2737 Horatii,
582 2679 615 2724 et
655 2677 777 2742 poetae
802 2680 875 2724 tum
903 2663 1086 2727 inThelltlir
1101 2659 1136 2718 tlt·

115 2768 287 2831 adsensum
303 2771 433 2826 cuiusuis
446 2771 501 2825 viri
518 2769 611 2838 docti,
656 2762 765 2845 gebat,
780 2770 929 2828 nendum
942 2770 1032 2830 Ceam
1043 2768 1137 2824 adierit.

116 2880 172 2956 qui
201 2874 336 2932 lectione
364 2875 447 2928 varia
477 2874 612 2928 animum
646 2868 795 2944 fugiens
834 2869 944 2953 fimpl.
986 2873 1138 2951 relinquen,

115 2975 156 3035 ad
177 2971 255 3032 haec
274 2977 394 3054 parauit
415 2987 446 3031 et
466 2977 557 3043 acuit,
580 2970 614 3031 fit
660 2971 804 3050 Tempe,
831 2973 1005 3035 discedens
1031 2966 1139 3032 indettl

113 3074 297 3158 probabile,
336 3072 441 3133 saltem
475 3074 614 3155 suspicari
655 3087 759 3152 caput
780 3080 920 3145 amnis,
957 3079 1064 3148 Penei,
1090 3076 1141 3131 lon·

113 3178 205 3250 licet,
238 3176 287 3236 vel
313 3197 348 3236 ex
372 3175 489 3234 summo
509 3196 612 3235 rerum
655 3187 736 3244 tem,
768 3195 798 3235 v.
825 3178 904 3238 Exc.
929 3181 970 3238 ad
991 3178 1021 3240 h.
1041 3180 1060 3237 l.
1105 3175 1141 3231 Sit

115 3294 240 3350 ornatu,
262 3279 425 3337 Maronem
442 3275 491 3336 hic
506 3279 611 3349 alium,
654 3273 725 3334 fons
747 3275 882 3338 Timaui
895 3313 943 3327 —
966 3301 1079 3340 nouem
1097 3293 1142 3335 on

114 3400 251 3460 eumque
283 3379 437 3437 Graemm
473 3395 611 3459 poetam,
653 3377 732 3436 Aen.
755 3377 783 3449 l,
812 3385 890 3457 245.
916 3387 992 3460 246.
1040 3383 1141 3464 ignon-

112 3477 294 3563 expreffiffe.
374 3478 472 3541 Fuille
524 3499 611 3542 vetus
654 3485 741 3540 tione
797 3490 898 3544 totius
949 3484 1141 3565 phantalinatit

111 3605 245 3666 poema,
273 3583 447 3658 Βουγονίαν,
474 3582 527 3643 sub
549 3585 611 3643 Eu·
652 3585 785 3663 poetici,
819 3586 921 3658 olim,
954 3587 1140 3645 Burmannun

111 3688 187 3746 rneli
209 3683 405 3769 antiquiffimi
423 3702 536 3766 poetae
553 3708 610 3748 no·
653 3700 770 3744 temere
786 3685 954 3768 sequutus,
981 3687 1081 3750 ostrum
1095 3686 1139 3744 Pe·

111 3792 214 3862 mine,
237 3810 274 3848 ex
288 3789 460 3849 Eusebiano
478 3789 610 3850 Chroni-
651 3793 704 3848 nei
733 3789 870 3871 intelligi
898 3793 1052 3853 volebam
1091 3788 1138 3845 Vt·

111 3912 149 3951 co
173 3889 309 3951 constat:
343 3912 428 3951 nnm.
450 3911 545 3958 raeci,
576 3906 609 3953 et
650 3905 694 3951 tat
711 3905 818 3950 tamen
837 3891 901 3952 hoc
923 3893 1136 3973 rerumlpetirt

109 3993 154 4054 ibi
181 3995 290 4078 Scalig.
321 4014 391 4051 cum
417 3995 543 4055 Vallarl.
575 4010 607 4055 et
649 4011 680 4055 et
695 3995 837 4054 locorum
854 4000 950 4068 ratio,
972 4012 1135 4079 quampot-

106 4094 605 4178 salmatad80lin.p.602.603.
648 4113 697 4158 tae
731 4103 840 4158 animo
878 4098 1021 4160 insediile
1056 4096 1132 4155 maai·

108 4197 158 4257 An
179 4202 204 4258 is
224 4198 289 4282 ipse
316 4215 422 4264 autem
453 4201 494 4262 ad
521 4202 605 4264 Aris·
643 4199 755 4265 leibrtn
770 4198 834 4275 eii3
864 4201 986 4265 etiamfi
1001 4193 1130 4264 oonoelle·
