<?xml version="1.0" encoding="UTF-8"?>
<!DOCTYPE html PUBLIC "-//W3C//DTD XHTML 1.0 Transitional//EN"
    "http://www.w3.org/TR/xhtml1/DTD/xhtml1-transitional.dtd">
<html xmlns="http://www.w3.org/1999/xhtml" xml:lang="en" lang="en">
 <head>
  <title>
</title>
<meta http-equiv="Content-Type" content="text/html;charset=utf-8" />
  <meta name='ocr-system' content='tesseract 3.04.00' />
  <meta name='ocr-capabilities' content='ocr_page ocr_carea ocr_par ocr_line ocrx_word'/>
</head>
<body>
  <div class='ocr_page' id='page_1' title='image "./pvirgilivsmarov00virggoog_0621.png"; bbox 0 0 2700 4906; ppageno 0'>
   <div class='ocr_carea' id='block_1_1' title="bbox 149 303 959 389">
    <p class='ocr_par' dir='ltr' id='par_1_1' title="bbox 149 303 959 389">
     <span class='ocr_line' id='line_1_1' title="bbox 149 303 959 389; baseline -0.011 0"><span class='ocrx_word' id='word_1_1' title='bbox 149 310 222 389; x_wconf 72' lang='lat' dir='ltr'>fida</span> <span class='ocrx_word' id='word_1_2' title='bbox 352 309 394 383; x_wconf 88' lang='lat' dir='ltr'>P.</span> <span class='ocrx_word' id='word_1_3' title='bbox 415 306 664 385; x_wconf 83' lang='lat' dir='ltr'>VIRGILII</span> <span class='ocrx_word' id='word_1_4' title='bbox 690 303 959 380; x_wconf 74' lang='lat' dir='ltr'>MARONIS</span> 
     </span>
    </p>
   </div>
   <div class='ocr_carea' id='block_1_2' title="bbox 145 489 1184 712">
    <p class='ocr_par' dir='ltr' id='par_1_2' title="bbox 145 489 1184 712">
     <span class='ocr_line' id='line_1_2' title="bbox 145 489 1184 628; baseline -0.011 -56"><span class='ocrx_word' id='word_1_5' title='bbox 145 499 381 597; x_wconf 84' lang='lat' dir='ltr'>Taygetique</span> <span class='ocrx_word' id='word_1_6' title='bbox 405 521 534 585; x_wconf 83' lang='lat' dir='ltr'>canes,</span> <span class='ocrx_word' id='word_1_7' title='bbox 569 495 822 594; x_wconf 84' lang='lat' dir='ltr'><strong>domitrixque</strong></span> <span class='ocrx_word' id='word_1_8' title='bbox 835 489 1056 590; x_wconf 84' lang='lat' dir='ltr'>Epidaurus</span> <span class='ocrx_word' id='word_1_9' title='bbox 1078 512 1184 628; x_wconf 70' lang='lat' dir='ltr'>equo</span> 
     </span>
     <span class='ocr_line' id='line_1_3' title="bbox 766 651 868 712; baseline -0.02 -16"><span class='ocrx_word' id='word_1_10' title='bbox 766 651 868 712; x_wconf 82' lang='lat' dir='ltr'>rum3</span> 
     </span>
    </p>
   </div>
   <div class='ocr_carea' id='block_1_3' title="bbox 147 734 1182 860">
    <p class='ocr_par' dir='ltr' id='par_1_3' title="bbox 147 734 1182 860">
     <span class='ocr_line' id='line_1_4' title="bbox 147 734 1182 860; baseline -0.01 -19"><span class='ocrx_word' id='word_1_11' title='bbox 147 771 195 842; x_wconf 89' lang='lat' dir='ltr'>Et</span> <span class='ocrx_word' id='word_1_12' title='bbox 207 734 282 838; x_wconf 80' lang='lat' dir='ltr'>rox</span> <span class='ocrx_word' id='word_1_13' title='bbox 299 759 449 836; x_wconf 82' lang='lat' dir='ltr'>adsensu</span> <span class='ocrx_word' id='word_1_14' title='bbox 470 785 667 834; x_wconf 89' lang='lat' dir='ltr'>nemorum</span> <span class='ocrx_word' id='word_1_15' title='bbox 688 764 919 860; x_wconf 80' lang='lat' dir='ltr'>ingeminata</span> <span class='ocrx_word' id='word_1_16' title='bbox 936 761 1114 857; x_wconf 83' lang='lat' dir='ltr'><strong>remugit.</strong></span> <span class='ocrx_word' id='word_1_17' title='bbox 1142 755 1182 841; x_wconf 77' lang='grc'>45</span> 
     </span>
    </p>
   </div>
   <div class='ocr_carea' id='block_1_4' title="bbox 149 893 1146 1263">
    <p class='ocr_par' dir='ltr' id='par_1_4' title="bbox 149 893 1146 1263">
     <span class='ocr_line' id='line_1_5' title="bbox 149 893 1121 995; baseline -0.008 -20"><span class='ocrx_word' id='word_1_18' title='bbox 149 905 240 974; x_wconf 83' lang='lat' dir='ltr'>Mox</span> <span class='ocrx_word' id='word_1_19' title='bbox 266 919 391 970; x_wconf 90' lang='lat' dir='ltr'>tamen</span> <span class='ocrx_word' id='word_1_20' title='bbox 417 896 579 968; x_wconf 84' lang='lat' dir='ltr'>ardentis</span> <span class='ocrx_word' id='word_1_21' title='bbox 607 893 784 995; x_wconf 85' lang='lat' dir='ltr'>adcingar</span> <span class='ocrx_word' id='word_1_22' title='bbox 812 899 942 971; x_wconf 87' lang='lat' dir='ltr'>dicere</span> <span class='ocrx_word' id='word_1_23' title='bbox 973 919 1121 994; x_wconf 78' lang='lat' dir='ltr'>pugnae</span> 
     </span>
     <span class='ocr_line' id='line_1_6' title="bbox 152 1027 1146 1128; baseline -0.005 -20"><span class='ocrx_word' id='word_1_24' title='bbox 152 1031 334 1122; x_wconf 80' lang='lat' dir='ltr'>Caesaris,</span> <span class='ocrx_word' id='word_1_25' title='bbox 369 1048 406 1102; x_wconf 92' lang='lat' dir='ltr'>et</span> <span class='ocrx_word' id='word_1_26' title='bbox 431 1055 571 1102; x_wconf 88' lang='lat' dir='ltr'>nornen</span> <span class='ocrx_word' id='word_1_27' title='bbox 594 1027 691 1101; x_wconf 85' lang='lat' dir='ltr'>fama</span> <span class='ocrx_word' id='word_1_28' title='bbox 715 1048 772 1102; x_wconf 85' lang='lat' dir='ltr'>tot</span> <span class='ocrx_word' id='word_1_29' title='bbox 796 1028 895 1104; x_wconf 77' lang='lat' dir='ltr'>ferre</span> <span class='ocrx_word' id='word_1_30' title='bbox 923 1053 995 1128; x_wconf 89' lang='lat' dir='ltr'>per</span> <span class='ocrx_word' id='word_1_31' title='bbox 1017 1051 1146 1121; x_wconf 81' lang='lat' dir='ltr'>annos,</span> 
     </span>
     <span class='ocr_line' id='line_1_7' title="bbox 151 1160 1107 1263; baseline -0.004 -23"><span class='ocrx_word' id='word_1_32' title='bbox 151 1167 308 1241; x_wconf 84' lang='lat' dir='ltr'>Tithoni</span> <span class='ocrx_word' id='word_1_33' title='bbox 334 1160 453 1263; x_wconf 86' lang='lat' dir='ltr'>prima</span> <span class='ocrx_word' id='word_1_34' title='bbox 477 1179 569 1262; x_wconf 83' lang='lat' dir='ltr'>quot</span> <span class='ocrx_word' id='word_1_35' title='bbox 589 1161 689 1236; x_wconf 88' lang='lat' dir='ltr'>abest</span> <span class='ocrx_word' id='word_1_36' title='bbox 712 1162 758 1236; x_wconf 86' lang='lat' dir='ltr'>ab</span> <span class='ocrx_word' id='word_1_37' title='bbox 787 1166 934 1262; x_wconf 85' lang='lat' dir='ltr'>origine</span> <span class='ocrx_word' id='word_1_38' title='bbox 958 1161 1107 1236; x_wconf 87' lang='lat' dir='ltr'>Caesar.</span> 
     </span>
    </p>
   </div>
   <div class='ocr_carea' id='block_1_5' title="bbox 152 1365 1186 1874">
    <p class='ocr_par' dir='ltr' id='par_1_5' title="bbox 152 1365 1186 1874">
     <span class='ocr_line' id='line_1_8' title="bbox 222 1365 1184 1446; baseline 0.003 -23"><span class='ocrx_word' id='word_1_39' title='bbox 222 1383 256 1440; x_wconf 90' lang='grc'>44</span> <span class='ocrx_word' id='word_1_40' title='bbox 277 1371 457 1442; x_wconf 77' lang='lat' dir='ltr'>domitorque</span> <span class='ocrx_word' id='word_1_41' title='bbox 484 1365 586 1425; x_wconf 81' lang='lat' dir='ltr'>zulich.</span> <span class='ocrx_word' id='word_1_42' title='bbox 635 1391 769 1444; x_wconf 80' lang='lat' dir='ltr'>equarum</span> <span class='ocrx_word' id='word_1_43' title='bbox 788 1370 881 1435; x_wconf 85' lang='lat' dir='ltr'>Leid.;</span> <span class='ocrx_word' id='word_1_44' title='bbox 914 1372 1054 1445; x_wconf 67' lang='lat' dir='ltr'>vulgatam</span> <span class='ocrx_word' id='word_1_45' title='bbox 1083 1371 1184 1446; x_wconf 69' lang='lat' dir='ltr'>agnoseit</span> 
     </span>
     <span class='ocr_line' id='line_1_9' title="bbox 153 1455 1183 1530; baseline -0.002 -16"><span class='ocrx_word' id='word_1_46' title='bbox 153 1460 241 1514; x_wconf 86' lang='lat' dir='ltr'>Lutat.</span> <span class='ocrx_word' id='word_1_47' title='bbox 271 1457 304 1509; x_wconf 88' lang='lat' dir='ltr'>ad</span> <span class='ocrx_word' id='word_1_48' title='bbox 330 1456 396 1509; x_wconf 81' lang='lat' dir='ltr'>Stat.</span> <span class='ocrx_word' id='word_1_49' title='bbox 424 1455 511 1508; x_wconf 84' lang='lat' dir='ltr'>Theb.</span> <span class='ocrx_word' id='word_1_50' title='bbox 540 1458 586 1518; x_wconf 87' lang='lat' dir='ltr'>IV,</span> <span class='ocrx_word' id='word_1_51' title='bbox 612 1460 669 1512; x_wconf 70' lang='grc' dir='ltr'>ηδ.</span> <span class='ocrx_word' id='word_1_52' title='bbox 703 1457 754 1510; x_wconf 59' lang='lat' dir='ltr'>vida</span> <span class='ocrx_word' id='word_1_53' title='bbox 780 1459 814 1511; x_wconf 83' lang='lat' dir='ltr'>ad</span> <span class='ocrx_word' id='word_1_54' title='bbox 838 1458 938 1530; x_wconf 71' lang='lat' dir='ltr'>Georg.</span> <span class='ocrx_word' id='word_1_55' title='bbox 956 1462 976 1519; x_wconf 72' lang='lat'>1,</span> <span class='ocrx_word' id='word_1_56' title='bbox 994 1462 1031 1530; x_wconf 76' lang='lat'>59</span> <span class='ocrx_word' id='word_1_57' title='bbox 1053 1464 1183 1514; x_wconf 74' lang='lat' dir='ltr'>Burmann.</span> 
     </span>
     <span class='ocr_line' id='line_1_10' title="bbox 154 1539 1185 1615; baseline 0.002 -22"><span class='ocrx_word' id='word_1_58' title='bbox 154 1546 198 1611; x_wconf 87' lang='grc'>46.</span> <span class='ocrx_word' id='word_1_59' title='bbox 222 1553 264 1609; x_wconf 77' lang='grc'>47.</span> <span class='ocrx_word' id='word_1_60' title='bbox 285 1545 319 1608; x_wconf 86' lang='grc'>48</span> <span class='ocrx_word' id='word_1_61' title='bbox 339 1540 383 1611; x_wconf 89' lang='lat' dir='ltr'>qui</span> <span class='ocrx_word' id='word_1_62' title='bbox 405 1539 487 1592; x_wconf 81' lang='lat' dir='ltr'>abella</span> <span class='ocrx_word' id='word_1_63' title='bbox 511 1541 576 1597; x_wconf 79' lang='lat' dir='ltr'>forte</span> <span class='ocrx_word' id='word_1_64' title='bbox 596 1558 730 1613; x_wconf 78' lang='lat' dir='ltr'>poterant,</span> <span class='ocrx_word' id='word_1_65' title='bbox 759 1562 807 1612; x_wconf 85' lang='lat' dir='ltr'>pro</span> <span class='ocrx_word' id='word_1_66' title='bbox 831 1543 924 1615; x_wconf 75' lang='lat' dir='ltr'>spuriis</span> <span class='ocrx_word' id='word_1_67' title='bbox 946 1544 1065 1599; x_wconf 79' lang='lat' dir='ltr'>habebat</span> <span class='ocrx_word' id='word_1_68' title='bbox 1081 1544 1185 1597; x_wconf 74' lang='lat' dir='ltr'>litardius</span> 
     </span>
     <span class='ocr_line' id='line_1_11' title="bbox 152 1625 1185 1703; baseline 0.002 -22"><span class='ocrx_word' id='word_1_69' title='bbox 152 1627 173 1682; x_wconf 90' lang='lat' dir='ltr'>l.</span> <span class='ocrx_word' id='word_1_70' title='bbox 188 1628 206 1681; x_wconf 93' lang='lat' dir='ltr'>l.</span> <span class='ocrx_word' id='word_1_71' title='bbox 229 1625 263 1678; x_wconf 82' lang='lat' dir='ltr'>ad</span> <span class='ocrx_word' id='word_1_72' title='bbox 279 1628 371 1679; x_wconf 85' lang='lat' dir='ltr'>Horat.</span> <span class='ocrx_word' id='word_1_73' title='bbox 385 1625 432 1694; x_wconf 80' lang='lat' dir='ltr'>Ep.</span> <span class='ocrx_word' id='word_1_74' title='bbox 448 1626 480 1677; x_wconf 82' lang='lat' dir='ltr'>ad</span> <span class='ocrx_word' id='word_1_75' title='bbox 498 1628 562 1697; x_wconf 74' lang='lat' dir='ltr'>Aug.</span> <span class='ocrx_word' id='word_1_76' title='bbox 581 1631 619 1681; x_wconf 74' lang='lat' dir='ltr'>rii.</span> <span class='ocrx_word' id='word_1_77' title='bbox 694 1631 729 1693; x_wconf 84' lang='grc'>46</span> <span class='ocrx_word' id='word_1_78' title='bbox 745 1630 821 1681; x_wconf 73' lang='lat' dir='ltr'>Mox</span> <span class='ocrx_word' id='word_1_79' title='bbox 845 1638 933 1683; x_wconf 74' lang='lat' dir='ltr'>etiam</span> <span class='ocrx_word' id='word_1_80' title='bbox 955 1631 1058 1703; x_wconf 70' lang='lat' dir='ltr'>Regius</span> <span class='ocrx_word' id='word_1_81' title='bbox 1081 1631 1185 1683; x_wconf 77' lang='lat' dir='ltr'>Martini.</span> 
     </span>
     <span class='ocr_line' id='line_1_12' title="bbox 153 1706 1185 1784; baseline 0.002 -19"><span class='ocrx_word' id='word_1_82' title='bbox 153 1723 189 1781; x_wconf 81' lang='grc'>47</span> <span class='ocrx_word' id='word_1_83' title='bbox 210 1727 252 1765; x_wconf 80' lang='lat' dir='ltr'>tot</span> <span class='ocrx_word' id='word_1_84' title='bbox 265 1711 354 1784; x_wconf 81' lang='lat' dir='ltr'>fama</span> <span class='ocrx_word' id='word_1_85' title='bbox 368 1710 472 1762; x_wconf 86' lang='lat' dir='ltr'>Zulich.</span> <span class='ocrx_word' id='word_1_86' title='bbox 510 1706 637 1780; x_wconf 72' lang='lat' dir='ltr'>Caesmtr</span> <span class='ocrx_word' id='word_1_87' title='bbox 659 1727 685 1764; x_wconf 83' lang='lat' dir='ltr'>et</span> <span class='ocrx_word' id='word_1_88' title='bbox 696 1712 812 1784; x_wconf 83' lang='lat' dir='ltr'>samam</span> <span class='ocrx_word' id='word_1_89' title='bbox 830 1729 856 1765; x_wconf 80' lang='lat' dir='ltr'>er</span> <span class='ocrx_word' id='word_1_90' title='bbox 877 1733 982 1768; x_wconf 79' lang='lat' dir='ltr'>nomen</span> <span class='ocrx_word' id='word_1_91' title='bbox 1005 1732 1050 1770; x_wconf 77' lang='lat' dir='ltr'>rot</span> <span class='ocrx_word' id='word_1_92' title='bbox 1065 1714 1185 1769; x_wconf 65' lang='lat' dir='ltr'>Rufinian-</span> 
     </span>
     <span class='ocr_line' id='line_1_13' title="bbox 156 1796 1186 1874; baseline 0.001 -23"><span class='ocrx_word' id='word_1_93' title='bbox 156 1797 190 1853; x_wconf 86' lang='lat' dir='ltr'>de</span> <span class='ocrx_word' id='word_1_94' title='bbox 213 1797 318 1851; x_wconf 57' lang='lat' dir='ltr'>schem„</span> <span class='ocrx_word' id='word_1_95' title='bbox 331 1799 431 1849; x_wconf 73' lang='lat' dir='ltr'>Leaeos</span> <span class='ocrx_word' id='word_1_96' title='bbox 454 1815 479 1866; x_wconf 86' lang='lat' dir='ltr'>p.</span> <span class='ocrx_word' id='word_1_97' title='bbox 496 1796 537 1848; x_wconf 83' lang='lat'>32.</span> <span class='ocrx_word' id='word_1_98' title='bbox 562 1797 611 1846; x_wconf 86' lang='lat' dir='ltr'>vid.</span> <span class='ocrx_word' id='word_1_99' title='bbox 629 1803 714 1849; x_wconf 73' lang='lat' dir='ltr'>Burni.</span> <span class='ocrx_word' id='word_1_100' title='bbox 756 1799 825 1851; x_wconf 83' lang='lat' dir='ltr'>Sane</span> <span class='ocrx_word' id='word_1_101' title='bbox 845 1817 901 1853; x_wconf 89' lang='lat' dir='ltr'>non</span> <span class='ocrx_word' id='word_1_102' title='bbox 923 1801 994 1855; x_wconf 77' lang='lat' dir='ltr'>male</span> <span class='ocrx_word' id='word_1_103' title='bbox 1013 1803 1186 1874; x_wconf 74' lang='lat' dir='ltr'>interpungast</span> 
     </span>
    </p>
   </div>
   <div class='ocr_carea' id='block_1_6' title="bbox 156 1878 1188 2043">
    <p class='ocr_par' dir='ltr' id='par_1_6' title="bbox 156 1878 1188 2043">
     <span class='ocr_line' id='line_1_14' title="bbox 156 1878 1188 1959; baseline -0.001 -23"><span class='ocrx_word' id='word_1_104' title='bbox 156 1894 296 1954; x_wconf 73' lang='lat' dir='ltr'>accingar</span> <span class='ocrx_word' id='word_1_105' title='bbox 316 1882 412 1935; x_wconf 82' lang='lat' dir='ltr'>dicere</span> <span class='ocrx_word' id='word_1_106' title='bbox 428 1899 553 1952; x_wconf 76' lang='lat' dir='ltr'>pugnas,</span> <span class='ocrx_word' id='word_1_107' title='bbox 583 1878 756 1948; x_wconf 68' lang='lat' dir='ltr'>Caesarine</span> <span class='ocrx_word' id='word_1_108' title='bbox 776 1901 877 1937; x_wconf 79' lang='lat' dir='ltr'>eramen</span> <span class='ocrx_word' id='word_1_109' title='bbox 891 1885 995 1956; x_wconf 82' lang='lat' dir='ltr'>fama.</span> <span class='ocrx_word' id='word_1_110' title='bbox 1068 1889 1102 1953; x_wconf 84' lang='grc'>48</span> <span class='ocrx_word' id='word_1_111' title='bbox 1122 1880 1188 1959; x_wconf 68' lang='lat' dir='ltr'>qnod</span> 
     </span>
     <span class='ocr_line' id='line_1_15' title="bbox 157 1964 1131 2043; baseline 0.004 -20"><span class='ocrx_word' id='word_1_112' title='bbox 157 1970 258 2024; x_wconf 82' lang='lat' dir='ltr'>Medic.</span> <span class='ocrx_word' id='word_1_113' title='bbox 273 1987 288 2020; x_wconf 82' lang='lat' dir='ltr'>a</span> <span class='ocrx_word' id='word_1_114' title='bbox 304 1986 339 2018; x_wconf 91' lang='lat' dir='ltr'>m.</span> <span class='ocrx_word' id='word_1_115' title='bbox 356 1987 394 2039; x_wconf 89' lang='lat' dir='ltr'>pr.</span> <span class='ocrx_word' id='word_1_116' title='bbox 414 1967 567 2027; x_wconf 74' lang='lat' dir='ltr'>Romanus,</span> <span class='ocrx_word' id='word_1_117' title='bbox 586 1965 651 2035; x_wconf 81' lang='lat' dir='ltr'>Reg.</span> <span class='ocrx_word' id='word_1_118' title='bbox 666 1981 691 2019; x_wconf 77' lang='lat' dir='ltr'>et</span> <span class='ocrx_word' id='word_1_119' title='bbox 704 1964 786 2018; x_wconf 84' lang='lat' dir='ltr'>Goth.</span> <span class='ocrx_word' id='word_1_120' title='bbox 800 1984 840 2038; x_wconf 85' lang='lat' dir='ltr'>pr.</span> <span class='ocrx_word' id='word_1_121' title='bbox 877 1986 982 2039; x_wconf 73' lang='lat' dir='ltr'>quotus</span> <span class='ocrx_word' id='word_1_122' title='bbox 1004 1970 1047 2043; x_wconf 75' lang='lat' dir='ltr'>est</span> <span class='ocrx_word' id='word_1_123' title='bbox 1063 1973 1131 2027; x_wconf 80' lang='lat' dir='ltr'>Ven.</span> 
     </span>
    </p>
   </div>
   <div class='ocr_carea' id='block_1_7' title="bbox 76 2132 1192 4161">
    <p class='ocr_par' dir='ltr' id='par_1_7' title="bbox 76 2132 1192 4161">
     <span class='ocr_line' id='line_1_16' title="bbox 160 2132 1190 2224; baseline 0.006 -25"><span class='ocrx_word' id='word_1_124' title='bbox 160 2158 230 2199; x_wconf 88' lang='lat' dir='ltr'>non</span> <span class='ocrx_word' id='word_1_125' title='bbox 245 2132 527 2216; x_wconf 76' lang='lat' dir='ltr'>magisinhciabar:</span> <span class='ocrx_word' id='word_1_126' title='bbox 557 2147 588 2190; x_wconf 87' lang='lat' dir='ltr'>at</span> <span class='ocrx_word' id='word_1_127' title='bbox 609 2133 659 2189; x_wconf 81' lang='lat' dir='ltr'>in·</span> <span class='ocrx_word' id='word_1_128' title='bbox 699 2152 764 2191; x_wconf 88' lang='lat' dir='ltr'>rem</span> <span class='ocrx_word' id='word_1_129' title='bbox 782 2133 957 2212; x_wconf 81' lang='lat' dir='ltr'>expeditam</span> <span class='ocrx_word' id='word_1_130' title='bbox 981 2156 1075 2220; x_wconf 85' lang='lat' dir='ltr'>puto.</span> <span class='ocrx_word' id='word_1_131' title='bbox 1123 2138 1190 2224; x_wconf 58' lang='lat' dir='ltr'>Epi</span> 
     </span>
     <span class='ocr_line' id='line_1_17' title="bbox 156 2231 1190 2327; baseline 0.008 -31"><span class='ocrx_word' id='word_1_132' title='bbox 156 2242 253 2320; x_wconf 75' lang='lat' dir='ltr'>genti</span> <span class='ocrx_word' id='word_1_133' title='bbox 282 2238 426 2309; x_wconf 75' lang='lat' dir='ltr'>clamore</span> <span class='ocrx_word' id='word_1_134' title='bbox 457 2238 524 2316; x_wconf 83' lang='lat' dir='ltr'>quis</span> <span class='ocrx_word' id='word_1_135' title='bbox 561 2233 658 2294; x_wconf 87' lang='lat' dir='ltr'>boues</span> <span class='ocrx_word' id='word_1_136' title='bbox 701 2231 825 2292; x_wconf 70' lang='lat' dir='ltr'>datarus</span> <span class='ocrx_word' id='word_1_137' title='bbox 852 2249 924 2293; x_wconf 83' lang='lat' dir='ltr'>curn</span> <span class='ocrx_word' id='word_1_138' title='bbox 956 2253 1026 2300; x_wconf 83' lang='lat' dir='ltr'>tota</span> <span class='ocrx_word' id='word_1_139' title='bbox 1054 2245 1190 2327; x_wconf 77' lang='lat' dir='ltr'>Argolide</span> 
     </span>
     <span class='ocr_line' id='line_1_18' title="bbox 163 2336 1192 2422; baseline 0.009 -23"><span class='ocrx_word' id='word_1_140' title='bbox 163 2337 321 2422; x_wconf 75' lang='lat' dir='ltr'>designet?</span> <span class='ocrx_word' id='word_1_141' title='bbox 366 2336 523 2396; x_wconf 88' lang='lat' dir='ltr'>Decedam</span> <span class='ocrx_word' id='word_1_142' title='bbox 554 2351 658 2395; x_wconf 88' lang='lat' dir='ltr'>tamen</span> <span class='ocrx_word' id='word_1_143' title='bbox 701 2353 859 2417; x_wconf 80' lang='lat' dir='ltr'>equorum</span> <span class='ocrx_word' id='word_1_144' title='bbox 882 2357 955 2398; x_wconf 87' lang='lat' dir='ltr'>cura</span> <span class='ocrx_word' id='word_1_145' title='bbox 976 2342 1112 2406; x_wconf 76' lang='lat' dir='ltr'>nobiIIs:</span> <span class='ocrx_word' id='word_1_146' title='bbox 1144 2343 1192 2406; x_wconf 79' lang='lat' dir='ltr'>nist</span> 
     </span>
     <span class='ocr_line' id='line_1_19' title="bbox 76 2438 1192 2520; baseline 0.009 -21"><span class='ocrx_word' id='word_1_147' title='bbox 76 2444 80 2451; x_wconf 86' lang='grc'><strong>’</strong></span> <span class='ocrx_word' id='word_1_148' title='bbox 160 2442 201 2500; x_wconf 91' lang='lat' dir='ltr'>de</span> <span class='ocrx_word' id='word_1_149' title='bbox 238 2445 389 2518; x_wconf 89' lang='lat' dir='ltr'>opinione</span> <span class='ocrx_word' id='word_1_150' title='bbox 431 2457 499 2497; x_wconf 86' lang='lat' dir='ltr'>mea</span> <span class='ocrx_word' id='word_1_151' title='bbox 541 2458 577 2496; x_wconf 86' lang='lat' dir='ltr'>ea</span> <span class='ocrx_word' id='word_1_152' title='bbox 618 2438 657 2497; x_wconf 90' lang='lat' dir='ltr'>de</span> <span class='ocrx_word' id='word_1_153' title='bbox 701 2459 738 2497; x_wconf 86' lang='lat' dir='ltr'>ex</span> <span class='ocrx_word' id='word_1_154' title='bbox 761 2439 900 2499; x_wconf 85' lang='lat' dir='ltr'>Homero</span> <span class='ocrx_word' id='word_1_155' title='bbox 931 2451 1072 2507; x_wconf 78' lang='lat' dir='ltr'>tenueris</span> <span class='ocrx_word' id='word_1_156' title='bbox 1081 2491 1092 2520; x_wconf 92' lang='lat'>,</span> <span class='ocrx_word' id='word_1_157' title='bbox 1133 2449 1192 2509; x_wconf 84' lang='lat' dir='ltr'>vide</span> 
     </span>
     <span class='ocr_line' id='line_1_20' title="bbox 162 2539 1190 2622; baseline 0.01 -21"><span class='ocrx_word' id='word_1_158' title='bbox 162 2540 278 2612; x_wconf 83' lang='lat' dir='ltr'>cauffa,</span> <span class='ocrx_word' id='word_1_159' title='bbox 324 2543 395 2622; x_wconf 90' lang='lat' dir='ltr'>quia</span> <span class='ocrx_word' id='word_1_160' title='bbox 432 2557 656 2621; x_wconf 78' lang='lat' dir='ltr'>argumentum,</span> <span class='ocrx_word' id='word_1_161' title='bbox 700 2539 749 2598; x_wconf 83' lang='lat' dir='ltr'>vel</span> <span class='ocrx_word' id='word_1_162' title='bbox 779 2540 882 2619; x_wconf 88' lang='lat' dir='ltr'>Intpp.</span> <span class='ocrx_word' id='word_1_163' title='bbox 911 2543 1027 2606; x_wconf 85' lang='lat' dir='ltr'>Horat.</span> <span class='ocrx_word' id='word_1_164' title='bbox 1055 2548 1190 2621; x_wconf 68' lang='lat' dir='ltr'>euml,</span> 
     </span>
     <span class='ocr_line' id='line_1_21' title="bbox 160 2642 1192 2734; baseline 0.008 -31"><span class='ocrx_word' id='word_1_165' title='bbox 160 2644 245 2728; x_wconf 92' lang='lat' dir='ltr'>quod</span> <span class='ocrx_word' id='word_1_166' title='bbox 265 2642 363 2701; x_wconf 76' lang='lat' dir='ltr'>versat</span> <span class='ocrx_word' id='word_1_167' title='bbox 382 2656 487 2719; x_wconf 82' lang='lat' dir='ltr'>poeta,</span> <span class='ocrx_word' id='word_1_168' title='bbox 514 2660 658 2702; x_wconf 89' lang='lat' dir='ltr'>nontam</span> <span class='ocrx_word' id='word_1_169' title='bbox 701 2661 731 2717; x_wconf 88' lang='lat'>7,</span> <span class='ocrx_word' id='word_1_170' title='bbox 762 2661 780 2720; x_wconf 91' lang='lat'><strong>9</strong></span> <span class='ocrx_word' id='word_1_171' title='bbox 824 2644 953 2722; x_wconf 74' lang='lat' dir='ltr'>Aprum</span> <span class='ocrx_word' id='word_1_172' title='bbox 992 2647 1079 2708; x_wconf 78' lang='lat' dir='ltr'>dicit</span> <span class='ocrx_word' id='word_1_173' title='bbox 1113 2655 1192 2734; x_wconf 80' lang='lat' dir='ltr'>equis</span> 
     </span>
     <span class='ocr_line' id='line_1_22' title="bbox 159 2743 1191 2827; baseline 0.008 -21"><span class='ocrx_word' id='word_1_174' title='bbox 159 2748 200 2806; x_wconf 88' lang='lat' dir='ltr'>ad</span> <span class='ocrx_word' id='word_1_175' title='bbox 229 2751 444 2815; x_wconf 81' lang='lat' dir='ltr'>venationem,</span> <span class='ocrx_word' id='word_1_176' title='bbox 496 2767 587 2827; x_wconf 89' lang='lat' dir='ltr'>quam</span> <span class='ocrx_word' id='word_1_177' title='bbox 619 2747 658 2805; x_wconf 90' lang='lat' dir='ltr'>ad</span> <span class='ocrx_word' id='word_1_178' title='bbox 700 2743 819 2821; x_wconf 80' lang='lat' dir='ltr'>Argos.</span> <span class='ocrx_word' id='word_1_179' title='bbox 844 2746 881 2802; x_wconf 66' lang='lat' dir='ltr'>cI·</span> <span class='ocrx_word' id='word_1_180' title='bbox 902 2747 958 2808; x_wconf 85' lang='lat' dir='ltr'>inf.</span> <span class='ocrx_word' id='word_1_181' title='bbox 983 2770 1041 2810; x_wconf 83' lang='lat'>121</span> <span class='ocrx_word' id='word_1_182' title='bbox 1067 2769 1100 2812; x_wconf 85' lang='lat' dir='ltr'>et</span> <span class='ocrx_word' id='word_1_183' title='bbox 1121 2755 1191 2812; x_wconf 83' lang='lat' dir='ltr'>Stra·</span> 
     </span>
     <span class='ocr_line' id='line_1_23' title="bbox 157 2844 1191 2933; baseline 0.007 -25"><span class='ocrx_word' id='word_1_184' title='bbox 157 2864 302 2910; x_wconf 86' lang='lat' dir='ltr'>armenta</span> <span class='ocrx_word' id='word_1_185' title='bbox 338 2847 468 2926; x_wconf 81' lang='lat' dir='ltr'>spectat,</span> <span class='ocrx_word' id='word_1_186' title='bbox 517 2848 657 2928; x_wconf 81' lang='lat' dir='ltr'>adeoque</span> <span class='ocrx_word' id='word_1_187' title='bbox 700 2844 741 2906; x_wconf 93' lang='lat' dir='ltr'>bo</span> <span class='ocrx_word' id='word_1_188' title='bbox 763 2846 845 2917; x_wconf 88' lang='lat' dir='ltr'>VIII,</span> <span class='ocrx_word' id='word_1_189' title='bbox 870 2870 901 2927; x_wconf 89' lang='lat' dir='ltr'>p.</span> <span class='ocrx_word' id='word_1_190' title='bbox 925 2855 1000 2929; x_wconf 82' lang='lat'>595.</span> <span class='ocrx_word' id='word_1_191' title='bbox 1061 2859 1114 2933; x_wconf 86' lang='grc'>48.</span> <span class='ocrx_word' id='word_1_192' title='bbox 1135 2856 1191 2915; x_wconf 84' lang='lat' dir='ltr'>Sol·</span> 
     </span>
     <span class='ocr_line' id='line_1_24' title="bbox 159 2946 1191 3032; baseline 0.005 -22"><span class='ocrx_word' id='word_1_193' title='bbox 159 2950 258 3011; x_wconf 84' lang='lat' dir='ltr'>boues</span> <span class='ocrx_word' id='word_1_194' title='bbox 284 2955 316 3008; x_wconf 88' lang='lat' dir='ltr'>in</span> <span class='ocrx_word' id='word_1_195' title='bbox 340 2948 527 3008; x_wconf 82' lang='lat' dir='ltr'>Cithaerone</span> <span class='ocrx_word' id='word_1_196' title='bbox 555 2954 658 3032; x_wconf 88' lang='lat' dir='ltr'>requi·</span> <span class='ocrx_word' id='word_1_197' title='bbox 701 2946 786 3006; x_wconf 89' lang='lat' dir='ltr'>Ienni</span> <span class='ocrx_word' id='word_1_198' title='bbox 815 2965 978 3027; x_wconf 86' lang='lat' dir='ltr'>poetarum</span> <span class='ocrx_word' id='word_1_199' title='bbox 1012 2953 1106 3018; x_wconf 74' lang='lat' dir='ltr'>huius</span> <span class='ocrx_word' id='word_1_200' title='bbox 1133 2960 1191 3017; x_wconf 84' lang='lat' dir='ltr'>aeui</span> 
     </span>
     <span class='ocr_line' id='line_1_25' title="bbox 157 3052 1191 3142; baseline 0.007 -29"><span class='ocrx_word' id='word_1_201' title='bbox 157 3069 282 3123; x_wconf 81' lang='lat' dir='ltr'>rantur,</span> <span class='ocrx_word' id='word_1_202' title='bbox 304 3066 334 3109; x_wconf 88' lang='lat' dir='ltr'>vt</span> <span class='ocrx_word' id='word_1_203' title='bbox 356 3073 427 3111; x_wconf 81' lang='lat' dir='ltr'>mox</span> <span class='ocrx_word' id='word_1_204' title='bbox 451 3054 531 3131; x_wconf 88' lang='lat' dir='ltr'>equi.</span> <span class='ocrx_word' id='word_1_205' title='bbox 574 3052 660 3111; x_wconf 84' lang='lat' dir='ltr'>Alte·</span> <span class='ocrx_word' id='word_1_206' title='bbox 696 3063 786 3107; x_wconf 85' lang='lat' dir='ltr'>&#39;more</span> <span class='ocrx_word' id='word_1_207' title='bbox 831 3065 862 3108; x_wconf 87' lang='lat' dir='ltr'>et</span> <span class='ocrx_word' id='word_1_208' title='bbox 906 3052 1037 3117; x_wconf 81' lang='lat' dir='ltr'>artificIo</span> <span class='ocrx_word' id='word_1_209' title='bbox 1077 3055 1191 3142; x_wconf 79' lang='lat' dir='ltr'>Augusti</span> 
     </span>
     <span class='ocr_line' id='line_1_26' title="bbox 161 3150 1190 3232; baseline 0.01 -20"><span class='ocrx_word' id='word_1_210' title='bbox 161 3176 230 3215; x_wconf 85' lang='lat' dir='ltr'>rum</span> <span class='ocrx_word' id='word_1_211' title='bbox 262 3174 335 3210; x_wconf 84' lang='lat' dir='ltr'>vero</span> <span class='ocrx_word' id='word_1_212' title='bbox 362 3155 490 3229; x_wconf 76' lang='lat' dir='ltr'>ingenti</span> <span class='ocrx_word' id='word_1_213' title='bbox 517 3154 660 3211; x_wconf 83' lang='lat' dir='ltr'>clamore</span> <span class='ocrx_word' id='word_1_214' title='bbox 700 3150 805 3208; x_wconf 88' lang='lat' dir='ltr'>laudes</span> <span class='ocrx_word' id='word_1_215' title='bbox 834 3154 1001 3232; x_wconf 81' lang='lat' dir='ltr'>ampliores</span> <span class='ocrx_word' id='word_1_216' title='bbox 1032 3161 1073 3220; x_wconf 89' lang='lat' dir='ltr'>ad</span> <span class='ocrx_word' id='word_1_217' title='bbox 1105 3182 1190 3222; x_wconf 79' lang='lat' dir='ltr'>annos</span> 
     </span>
     <span class='ocr_line' id='line_1_27' title="bbox 159 3252 1189 3338; baseline 0.008 -24"><span class='ocrx_word' id='word_1_218' title='bbox 159 3252 199 3314; x_wconf 83' lang='lat' dir='ltr'>fic</span> <span class='ocrx_word' id='word_1_219' title='bbox 224 3253 351 3325; x_wconf 83' lang='lat' dir='ltr'>tuebor,</span> <span class='ocrx_word' id='word_1_220' title='bbox 393 3269 421 3312; x_wconf 86' lang='lat' dir='ltr'>vt</span> <span class='ocrx_word' id='word_1_221' title='bbox 449 3273 515 3312; x_wconf 92' lang='lat' dir='ltr'>non</span> <span class='ocrx_word' id='word_1_222' title='bbox 541 3255 579 3313; x_wconf 88' lang='lat' dir='ltr'>ad</span> <span class='ocrx_word' id='word_1_223' title='bbox 609 3257 659 3313; x_wconf 91' lang='lat' dir='ltr'>Ci-</span> <span class='ocrx_word' id='word_1_224' title='bbox 700 3252 826 3313; x_wconf 85' lang='lat' dir='ltr'>seriores</span> <span class='ocrx_word' id='word_1_225' title='bbox 848 3259 1024 3338; x_wconf 87' lang='lat' dir='ltr'>maiorique</span> <span class='ocrx_word' id='word_1_226' title='bbox 1046 3284 1148 3323; x_wconf 86' lang='lat' dir='ltr'>rerum</span> <span class='ocrx_word' id='word_1_227' title='bbox 1165 3279 1189 3323; x_wconf 86' lang='lat' dir='ltr'>et</span> 
     </span>
     <span class='ocr_line' id='line_1_28' title="bbox 161 3345 1189 3447; baseline 0.01 -33"><span class='ocrx_word' id='word_1_228' title='bbox 161 3353 344 3414; x_wconf 84' lang='lat' dir='ltr'>thaeronem</span> <span class='ocrx_word' id='word_1_229' title='bbox 383 3353 479 3412; x_wconf 89' lang='lat' dir='ltr'>solum</span> <span class='ocrx_word' id='word_1_230' title='bbox 516 3345 657 3430; x_wconf 84' lang='lat' dir='ltr'>reseram,</span> <span class='ocrx_word' id='word_1_231' title='bbox 701 3359 773 3413; x_wconf 75' lang='lat' dir='ltr'>artis</span> <span class='ocrx_word' id='word_1_232' title='bbox 807 3354 857 3412; x_wconf 85' lang='lat' dir='ltr'>vsu</span> <span class='ocrx_word' id='word_1_233' title='bbox 897 3358 1036 3423; x_wconf 79' lang='lat' dir='ltr'>firmator</span> <span class='ocrx_word' id='word_1_234' title='bbox 1072 3365 1189 3447; x_wconf 80' lang='lat' dir='ltr'>seponit·</span> 
     </span>
     <span class='ocr_line' id='line_1_29' title="bbox 152 3455 1191 3551; baseline 0.007 -35"><span class='ocrx_word' id='word_1_235' title='bbox 152 3475 260 3516; x_wconf 84' lang='lat' dir='ltr'>verum</span> <span class='ocrx_word' id='word_1_236' title='bbox 293 3455 473 3527; x_wconf 86' lang='lat' dir='ltr'>adomnia,</span> <span class='ocrx_word' id='word_1_237' title='bbox 516 3478 594 3538; x_wconf 90' lang='lat' dir='ltr'>quae</span> <span class='ocrx_word' id='word_1_238' title='bbox 617 3457 658 3519; x_wconf 81' lang='lat' dir='ltr'>se·</span> <span class='ocrx_word' id='word_1_239' title='bbox 705 3458 862 3515; x_wconf 78' lang='lat' dir='ltr'>Tithonus</span> <span class='ocrx_word' id='word_1_240' title='bbox 889 3461 1007 3541; x_wconf 83' lang='lat' dir='ltr'>etipse</span> <span class='ocrx_word' id='word_1_241' title='bbox 1033 3468 1073 3526; x_wconf 90' lang='lat' dir='ltr'>ad</span> <span class='ocrx_word' id='word_1_242' title='bbox 1103 3471 1191 3551; x_wconf 79' lang='lat' dir='ltr'>gentis</span> 
     </span>
     <span class='ocr_line' id='line_1_30' title="bbox 162 3559 1190 3649; baseline 0.015 -38"><span class='ocrx_word' id='word_1_243' title='bbox 162 3571 318 3638; x_wconf 77' lang='lat' dir='ltr'>quantur:</span> <span class='ocrx_word' id='word_1_244' title='bbox 374 3562 491 3641; x_wconf 75' lang='lat' dir='ltr'>ingenti</span> <span class='ocrx_word' id='word_1_245' title='bbox 525 3560 656 3619; x_wconf 84' lang='lat' dir='ltr'>clamore</span> <span class='ocrx_word' id='word_1_246' title='bbox 698 3559 794 3619; x_wconf 88' lang='lat' dir='ltr'>Iuliae</span> <span class='ocrx_word' id='word_1_247' title='bbox 855 3566 992 3644; x_wconf 79' lang='lat' dir='ltr'>origInea</span> <span class='ocrx_word' id='word_1_248' title='bbox 1055 3575 1190 3649; x_wconf 80' lang='lat' dir='ltr'>pertinet.</span> 
     </span>
     <span class='ocr_line' id='line_1_31' title="bbox 154 3659 1188 3753; baseline 0.017 -37"><span class='ocrx_word' id='word_1_249' title='bbox 154 3673 267 3716; x_wconf 88' lang='lat' dir='ltr'>vocant</span> <span class='ocrx_word' id='word_1_250' title='bbox 295 3681 344 3719; x_wconf 86' lang='lat' dir='ltr'>me</span> <span class='ocrx_word' id='word_1_251' title='bbox 369 3659 547 3732; x_wconf 81' lang='lat' dir='ltr'>Cithaeron,</span> <span class='ocrx_word' id='word_1_252' title='bbox 576 3662 657 3744; x_wconf 81' lang='lat' dir='ltr'>Tay·</span> <span class='ocrx_word' id='word_1_253' title='bbox 699 3663 772 3722; x_wconf 81' lang='lat' dir='ltr'>Erat</span> <span class='ocrx_word' id='word_1_254' title='bbox 801 3666 883 3721; x_wconf 89' lang='lat' dir='ltr'>enim</span> <span class='ocrx_word' id='word_1_255' title='bbox 919 3666 1014 3727; x_wconf 82' lang='lat' dir='ltr'>Trois</span> <span class='ocrx_word' id='word_1_256' title='bbox 1049 3671 1188 3753; x_wconf 72' lang='lat' dir='ltr'>abnepos,</span> 
     </span>
     <span class='ocr_line' id='line_1_32' title="bbox 103 3762 1188 3846; baseline 0.015 -29"><span class='ocrx_word' id='word_1_257' title='bbox 103 3835 108 3846; x_wconf 35' lang='grc' dir='ltr'>Ι</span> <span class='ocrx_word' id='word_1_258' title='bbox 156 3776 244 3843; x_wconf 84' lang='lat' dir='ltr'>getus</span> <span class='ocrx_word' id='word_1_259' title='bbox 270 3776 299 3817; x_wconf 84' lang='lat' dir='ltr'>et</span> <span class='ocrx_word' id='word_1_260' title='bbox 326 3762 505 3842; x_wconf 79' lang='lat' dir='ltr'>Epidaurus.</span> <span class='ocrx_word' id='word_1_261' title='bbox 551 3762 594 3822; x_wconf 86' lang='lat' dir='ltr'>Ita</span> <span class='ocrx_word' id='word_1_262' title='bbox 616 3766 655 3824; x_wconf 90' lang='lat' dir='ltr'>de</span> <span class='ocrx_word' id='word_1_263' title='bbox 699 3765 920 3825; x_wconf 85' lang='lat' dir='ltr'>Laomedontis</span> <span class='ocrx_word' id='word_1_264' title='bbox 954 3767 1044 3831; x_wconf 79' lang='lat' dir='ltr'>filius.</span> <span class='ocrx_word' id='word_1_265' title='bbox 1106 3775 1188 3833; x_wconf 85' lang='lat' dir='ltr'>Tem·</span> 
     </span>
     <span class='ocr_line' id='line_1_33' title="bbox 154 3869 1188 3959; baseline 0.014 -37"><span class='ocrx_word' id='word_1_266' title='bbox 154 3883 336 3932; x_wconf 76' lang='lat' dir='ltr'>vaccarum,</span> <span class='ocrx_word' id='word_1_267' title='bbox 376 3882 539 3924; x_wconf 86' lang='lat' dir='ltr'>canumet</span> <span class='ocrx_word' id='word_1_268' title='bbox 564 3889 654 3949; x_wconf 87' lang='lat' dir='ltr'>equa.</span> <span class='ocrx_word' id='word_1_269' title='bbox 695 3889 763 3948; x_wconf 86' lang='lat' dir='ltr'>pus,</span> <span class='ocrx_word' id='word_1_270' title='bbox 795 3870 881 3947; x_wconf 92' lang='lat' dir='ltr'>quod</span> <span class='ocrx_word' id='word_1_271' title='bbox 905 3869 944 3930; x_wconf 85' lang='lat' dir='ltr'>ab</span> <span class='ocrx_word' id='word_1_272' title='bbox 968 3869 1032 3934; x_wconf 90' lang='lat' dir='ltr'>hoc</span> <span class='ocrx_word' id='word_1_273' title='bbox 1051 3879 1188 3959; x_wconf 84' lang='lat' dir='ltr'>progeni·</span> 
     </span>
     <span class='ocr_line' id='line_1_34' title="bbox 151 3966 1187 4055; baseline 0.01 -30"><span class='ocrx_word' id='word_1_274' title='bbox 151 3985 220 4025; x_wconf 85' lang='lat' dir='ltr'>rum</span> <span class='ocrx_word' id='word_1_275' title='bbox 238 3966 363 4026; x_wconf 83' lang='lat' dir='ltr'>vocibus</span> <span class='ocrx_word' id='word_1_276' title='bbox 380 3973 584 4028; x_wconf 87' lang='lat' dir='ltr'>communiter</span> <span class='ocrx_word' id='word_1_277' title='bbox 603 3974 653 4028; x_wconf 79' lang='lat' dir='ltr'>in·</span> <span class='ocrx_word' id='word_1_278' title='bbox 696 3985 762 4030; x_wconf 87' lang='lat' dir='ltr'>tore</span> <span class='ocrx_word' id='word_1_279' title='bbox 782 3972 866 4047; x_wconf 87' lang='lat' dir='ltr'>(narn</span> <span class='ocrx_word' id='word_1_280' title='bbox 884 3977 1040 4055; x_wconf 76' lang='lat' dir='ltr'>aprima</span> <span class='ocrx_word' id='word_1_281' title='bbox 1064 3979 1187 4038; x_wconf 75' lang='lat' dir='ltr'>Tithoni</span> 
     </span>
     <span class='ocr_line' id='line_1_35' title="bbox 154 4069 1185 4161; baseline 0.014 -36"><span class='ocrx_word' id='word_1_282' title='bbox 154 4088 236 4147; x_wconf 77' lang='lat' dir='ltr'>gens</span> <span class='ocrx_word' id='word_1_283' title='bbox 250 4069 376 4128; x_wconf 82' lang='lat' dir='ltr'>elamor</span> <span class='ocrx_word' id='word_1_284' title='bbox 385 4072 547 4129; x_wconf 88' lang='lat' dir='ltr'>commode</span> <span class='ocrx_word' id='word_1_285' title='bbox 563 4094 652 4151; x_wconf 81' lang='lat' dir='ltr'>prae·</span> <span class='ocrx_word' id='word_1_286' title='bbox 694 4076 821 4150; x_wconf 74' lang='lat' dir='ltr'>origine</span> <span class='ocrx_word' id='word_1_287' title='bbox 843 4070 902 4145; x_wconf 82' lang='lat' dir='ltr'>est,</span> <span class='ocrx_word' id='word_1_288' title='bbox 933 4096 950 4134; x_wconf 88' lang='lat' dir='ltr'>a</span> <span class='ocrx_word' id='word_1_289' title='bbox 970 4077 1127 4161; x_wconf 85' lang='lat' dir='ltr'>Tithono)</span> <span class='ocrx_word' id='word_1_290' title='bbox 1149 4079 1185 4140; x_wconf 81' lang='lat' dir='ltr'>ef·</span> 
     </span>
    </p>
   </div>
   <div class='ocr_carea' id='block_1_8' title="bbox 149 4170 1181 4269">
    <p class='ocr_par' dir='ltr' id='par_1_8' title="bbox 149 4170 1181 4269">
     <span class='ocr_line' id='line_1_36' title="bbox 149 4170 1181 4269; baseline 0.015 -40"><span class='ocrx_word' id='word_1_291' title='bbox 149 4170 242 4260; x_wconf 77' lang='lat' dir='ltr'>dIcari</span> <span class='ocrx_word' id='word_1_292' title='bbox 266 4175 377 4256; x_wconf 79' lang='lat' dir='ltr'>potuit.</span> <span class='ocrx_word' id='word_1_293' title='bbox 442 4171 490 4235; x_wconf 85' lang='lat' dir='ltr'>Ita</span> <span class='ocrx_word' id='word_1_294' title='bbox 520 4176 648 4239; x_wconf 85' lang='lat' dir='ltr'>tandem</span> <span class='ocrx_word' id='word_1_295' title='bbox 691 4175 777 4240; x_wconf 79' lang='lat' dir='ltr'>Iiuxit</span> <span class='ocrx_word' id='word_1_296' title='bbox 799 4176 838 4239; x_wconf 86' lang='lat' dir='ltr'>ad</span> <span class='ocrx_word' id='word_1_297' title='bbox 853 4176 1036 4260; x_wconf 85' lang='lat' dir='ltr'>Caesarem,</span> <span class='ocrx_word' id='word_1_298' title='bbox 1064 4206 1123 4269; x_wconf 87' lang='lat' dir='ltr'>pro</span> <span class='ocrx_word' id='word_1_299' title='bbox 1143 4188 1181 4244; x_wconf 86' lang='lat' dir='ltr'>ia·</span> 
     </span>
    </p>
   </div>
   <div class='ocr_carea' id='block_1_9' title="bbox 0 0 1362 4906">
    <p class='ocr_par' dir='ltr' id='par_1_9' title="bbox 0 0 1362 4906">
     <span class='ocr_line' id='line_1_37' title="bbox 0 0 1362 4906; baseline 0 0"><span class='ocrx_word' id='word_1_300' title='bbox 0 0 1362 4906; x_wconf 95' lang='lat' dir='ltr'> </span> 
     </span>
    </p>
   </div>
  </div>
 </body>
</html>
