2692 4914
127 324 265 379 κων
477 293 852 370 PRAEFATIO

126 497 380 607 ligentioribus
397 496 615 602 praemiliis,
647 500 813 599 inprimIs
830 493 1072 573 Bucolicis'et
1084 448 1160 572 Ce-

128 642 279 739 orgicis‚
327 634 461 735 quibus
492 634 645 736 quidem
673 633 776 706 nulla
804 631 928 706 adhuc
951 630 1162 707 adiecerarn

128 788 353 875 argumenta.
422 771 587 844 Omnino
608 767 871 843 Bucolicorum
900 785 938 840 et
958 767 1162 865 Georgico-

128 937 213 983 rum
241 904 418 1005 expolitio
451 908 491 974 in
520 902 591 977 hac
618 899 835 978 recensione
864 900 1092 975 elaboratior
1113 895 1163 972 est

128 1067 243 1146 quam
259 1045 300 1113 in
321 1041 449 1139 prima.
499 1035 679 1112 Excurlus
702 1037 795 1109 alios
815 1033 948 1109 resmxi
966 1051 1005 1106 et
1026 1051 1164 1108 retrac-

128 1182 225 1268 taui,
263 1174 356 1246 alios
375 1170 497 1245 adieci
517 1197 658 1244 nouos:
707 1170 891 1245 Bucolicis
926 1166 1082 1268 quidem
1103 1191 1164 1240 ac·

129 1307 266 1389 cellere
305 1325 483 1407 quatuor:
529 1306 728 1407 IEcloga
754 1309 780 1379 I
782 1306 823 1376 V
851 1329 998 1404 graece
1028 1297 1162 1398 versa,

128 1449 162 1519 Π
178 1446 229 1516 de
251 1440 386 1520 Varo,
435 1442 486 1510 III
510 1440 561 1510 de
586 1441 628 1514 C.
658 1440 842 1514 Cornelio
869 1436 992 1509 Gallo
1020 1454 1061 1507 et
1080 1437 1163 1507 Eu·

123 1578 328 1681 phorionis
356 1569 538 1667 Chiliasr,
571 1574 639 1648 'IV
659 1575 710 1645 de
731 1573 875 1670 Scylla.
951 1571 1162 1669 Georgicis:
1210 1544 1214 1554 .

126 1715 191 1790 lib.
212 1714 264 1789 1v
276 1712 365 1783 cxc.
381 1710 399 1779 1
415 1706 814 1802 dePleiadePiscem
824 1706 1033 1806 fugiente,
1065 1706 1099 1775 11
1112 1703 1163 1774 de

128 1846 405 1949 Nympharum
440 1844 563 1914 'domo
593 1858 632 1912 ec
659 1843 782 1914 Penei
811 1843 937 1940 regia.
1005 1835 1166 1912 Aeneidi

128 1998 273 2055 autem:
305 1975 402 2047 lib.I
419 1977 507 2048 Exc.
525 1974 564 2045 l*
586 1975 637 2046 de
659 1971 872 2070 ministerio
895 1971 1077 2051 deorum,
1104 1976 1163 2043 in·

123 2115 264 2216 primis
277 2111 453 2186 Iunonis,
478 2111 521 2179 in
534 2109 732 2187 Aeneide,
757 2108 849 2183 VH*
870 2109 922 2179 de
934 2107 1162 2194 Antenore,·

128 2246 194 2324 lib.
219 2249 254 2318 ll
274 2246 364 2316 Exe.
388 2242 462 2316 IV*
495 2245 546 2315 de
574 2242 818 2328 Palamede;
872 2240 936 2313 lib.
958 2245 1013 2313 IX
1032 2243 1164 2315 Exc.I

129 2383 313 2456 Narrate
338 2376 390 2446 de
407 2374 549 2447 Aenea
569 2393 608 2448 et
626 2375 798 2473 Anchise
817 2393 914 2447 ante
935 2373 971 2447 b.
993 2377 1163 2447 Troiani

128 2532 332 2611 temporn5
364 2506 428 2582 lib.
443 2513 512 2580 XII
529 2512 618 2584 Exc.
631 2511 667 2585 V
690 2510 867 2607 Censura
883 2536 1034 2589 eorum‚
1058 2535 1163 2609 quae

128 2652 172 2723 in
190 2642 379 2721 Aeneidis
403 2648 639 2715 oeconomia
659 2644 892 2742 reprehendi
916 2624 1088 2743 poffimt.
1154 2667 1158 2678 ·

203 2779 300 2854 Sunt
320 2775 410 2867 alia,
442 2802 539 2876 quae
560 2777 609 2850 ad
631 2797 826 2850 externum
847 2783 970 2878 operis
991 2776 1163 2851 habitum

129 2913 311 3014 spectant,
337 2913 378 2984 in
400 2910 534 3012 quibus
556 2910 746 3010 cogentia
762 2881 927 2983 adhibita
949 2910 999 2984 est
1021 2931 1164 3013 quanta

62 3090 64 3098 ν
129 3046 298 3122 adhiberi
331 3048 473 3145 potuit;
508 3048 688 3145 'inprimis
713 3063 753 3118 vt
782 3043 1074 3121 emendatillime
1099 3073 1164 3123 ex·

128 3176 246 3281 prella
268 3174 383 3252 ellent
400 3178 448 3250 ab
471 3183 593 3279 operis
609 3183 745 3251 omnia.
798 3181 895 3251 Cum
917 3185 957 3251 in
978 3200 1164 3257 contextu

68 3384 72 3391 ,
128 3328 265 3415 poetae
293 3309 486 3385 inductam
510 3310 556 3383 ab
583 3309 734 3385 Heinfio
764 3310 947 3387 scribendi
974 3318 1165 3391 rationem

127 3442 271 3519 nollem
291 3439 476 3535 deserere,
515 3469 590 3543 qua
612 3445 661 3519 de
682 3470 724 3519 re
749 3445 877 3546 postea
903 3446 1066 3542 dicetur,
1104 3475 1164 3524 re-

127 3580 224 3651 tinui
247 3579 289 3648 in
314 3577 412 3649 notis
443 3575 597 3648 alteram
624 3576 844 3671 sollennem,
892 3606 991 3681 quae
1024 3603 1064 3660 et
1086 3582 1164 3687 ipsa

127 3708 407 3811 interdumpro
426 3707 666 3788 illustratione
685 3710 757 3789 elle
777 3712 946 3815 potest.*)

170 3931 254 4013 ’ἢθη
268 3927 337 3990 lunt
351 3929 542 3993 elialeuiorir
555 3952 622 3993 mo·
662 3950 729 3994 non
766 3930 825 3995 elle
859 3933 1027 4016 putabam
1071 3959 1102 4003 v.
1136 3958 1164 3999 c.

128 4036 236 4108 menti,
261 4030 418 4116 inquibus
431 4035 620 4095 noluinimir
662 4035 748 4118 quod
778 4036 956 4120 syllabarum
984 4037 1094 4101 diuifio
1131 4055 1165 4102 et

128 4136 252 4202 seuerus
269 4131 346 4212 elle,
368 4141 441 4222 quie
462 4140 619 4228 tanti-rem
659 4159 755 4207 nexus
778 4138 816 4200 eb
846 4143 948 4220 operis
970 4141 1104 4206 librariis
1124 4163 1163 4206 eo
