2692 4914
186 342 537 417 GEORGICON
572 339 923 440 L113.11,48'·-·57
1022 349 1091 426 421
1174 376 1176 380 ⁴

60 534 107 602 In
124 553 382 629 quascumque
400 552 513 603 voces
533 532 619 601 artis
638 526 740 602 haud
751 527 865 601 'tarda
887 525 1096 627 sequentur.
1155 531 1160 544 ‘

59 669 144 738 Nec
165 689 245 736 non
264 681 302 737 et
324 660 470 753 sterilis,
521 687 618 762 quae
641 659 911 762 stirpibusexit
936 662 983 735 ab
1002 669 1096 757 imis,

59 802 147 871 Hoc
168 795 298 889 faciet,
339 822 477 870 vacuos
498 793 524 871 fi
553 794 595 870 fit
619 792 755 894 digesta
779 822 848 895 per
871 823 996 895 agros:

58 937 172 1006 Nunc
192 932 288 1007 altae
312 930 465 1004 frondes
494 949 533 1004 et
555 934 649 1002 rami
669 934 795 1003 matris
823 951 993 1031 opacant,
1047 933 1097 1008 55

60 1065 327 1170 Crescentique
347 1065 516 1140 adimrmt
537 1062 652 1154 fetus,
693 1084 880 1169 uruntque
901 1064 1096 1148 ferentem.

128 1207 225 1293 Iam,
266 1226 363 1302 quae
385 1198 581 1286 seminibus
600 1202 706 1273 iactis
727 1197 764 1272 l'e
784 1195 920 1276 sustulit
941 1201 1064 1296 arbos,

130 1372 163 1426 52
183 1368 234 1424 Ad
254 1386 434 1441 quascunque
461 1365 553 1438 fragm.
575 1366 672 1419 Muret.
721 1366 802 1419 voles
821 1363 921 1420 Medic.
942 1382 968 1422 et
988 1353 1059 1425 Gurl.
1081 1389 1098 1426 ι

59 1474 99 1508 m.
115 1454 164 1507 lec.
200 1454 245 1507 Sic
265 1469 290 1505 et
312 1453 390 1506 codd.
412 1451 483 1523 apud
503 1451 633 1514 Plerium,
658 1468 784 1503 necnon
808 1453 897 1514 vom,-
929 1450 974 1505 sed
993 1454 1097 1512 doctius

59 1539 335 1593 alterurn.cl.Burm.
363 1539 635 1608 sequanturMoret.
651 1556 690 1609 pr.
717 1535 938 1606 sequuntursec.
1001 1541 1098 1614 54fa.

61 1635 124 1679 cr'at
140 1625 238 1678 Medic.
254 1642 317 1678 am.
333 1644 371 1695 pr.
390 1640 416 1677 er
432 1622 503 1676 Gud.
542 1623 663 1676 disiecta
676 1618 718 1673 ed.
731 1621 800 1674 Ven.
868 1624 902 1677 66
915 1624 998 1676 Nunc
1019 1628 1098 1682 lacae

47 1711 185 1786 frondes
199 1710 305 1763 Wakel.
326 1712 355 1762 P.
370 1711 408 1762 lV
421 1729 448 1779 p.
462 1711 495 1776 46
515 1723 540 1760 et
554 1726 616 1760 mox
630 1720 758 1759 vrumue.
836 1707 870 1760 66
889 1710 1099 1784 Crescentr'sque

60 1783 196 1871 quinque,
216 1815 276 1848 cunr
291 1789 375 1849 Gorlr.
389 1794 437 1847 lec.
455 1811 519 1845 em.
533 1792 598 1854 lec,
620 1807 646 1845 et
667 1791 881 1860 crescentesque
902 1809 1014 1864 quatuor
1028 1796 1100 1873 apud

62 1886 227 1942 Burmann,
255 1881 307 1933 hoc
326 1881 405 1933 eriam
425 1879 521 1948 Regius
543 1893 569 1931 et
589 1876 740 1948 Cantabrig.
759 1875 900 1930 hebebant.
973 1883 1007 1950 57
1024 1884 1100 1939 Nam

61 1966 139 2020 Gud.
155 1982 181 2018 et
198 1982 249 2018 tres
269 1966 312 2019 alii
328 1984 369 2040 ep.
383 1967 489 2028 Burun,
512 1964 566 2016 duo
582 1981 624 2037 ap.
637 1961 745 2018 Mertin.
759 1977 785 2017 et
799 1977 859 2017 retr.
875 1961 935 2018 edd.
969 1967 1099 2041 Namque

62 2070 175 2124 vterque
195 2051 278 2105 Goth.
1162 2039 1165 2048 Ι

65 2191 245 2275 μεταβολαὶ
271 2189 329 2254 τῶν
351 2186 475 2272 δένδρων
504 2185 564 2264 (pl-
597 2186 707 2256 ¹nullus
734 2185 850 2247 fructus
879 2188 997 2267 ferant,
1047 2211 1100 2257 rut

66 2297 188 2374 νονται)
221 2288 268 2355 nol
284 2288 348 2372 ¹rrlc
383 2290 563 2375 θεραπείας.
605 2290 749 2372 maligne.
801 2291 890 2370 Quae
917 2295 1025 2357 endem
1052 2321 1101 2362 res

65 2398 151 2458 Plln.
172 2395 279 2466 XVII,
313 2415 350 2455 10
377 2393 397 2452 s.
432 2415 469 2453 12
508 2394 566 2476 qni
608 2392 713 2452 docuit
730 2391 1101 2473 plentnrinet'seminarlu

68 2500 232 2558 transitus
246 2500 364 2556 mirum
381 2499 415 2555 in
432 2493 565 2554 modum
607 2492 779 2555 instituere:
800 2493 837 2554 cl.
848 2496 927 2557 Plin.
935 2501 1037 2578 XVII,
1050 2526 1100 2586 ιο,

66 2601 204 2676 mitigat
252 2602 353 2658 etiam
391 2595 565 2673 filuefiror.
608 2595 695 2657 [rr.
715 2599 762 2658 15.
784 2611 816 2656 et
828 2618 854 2656 c.
873 2599 1024 2673 13,s.21.
1044 2608 1101 2689 fe-

55 2701 199 2784 scrobes
216 2701 371 2778 fitbacci,
401 2715 450 2772 vt,
487 2714 566 2758 terre
609 2714 671 2770 tus,
691 2696 835 2759 arborum
854 2700 980 2778 fructus,
999 2706 1101 2788 saepe,

66 2804 207 2876 subacta,
230 2802 448 2885 quaeloditur.
491 2803 567 2861 Mox
609 2814 641 2858 vt
662 2798 750 2880 supra
777 2801 808 2872 l,
838 2804 889 2865 55.
928 2807 998 2866 inlr.
1027 2815 1101 2889 429.

67 2910 204 2967 animus
236 2906 394 2987 eleganter
428 2924 487 2984 pro
513 2924 568 2962 na·
608 2921 705 2984 urere
719 2921 794 2961 vero
813 2923 963 2986 perquam
982 2929 1102 2972 accom-

68 3027 159 3081 tura,
198 3011 355 3089 ¹ingenio
413 3005 566 3066 arborum.
609 3003 735 3064 modale
749 3003 788 3063 de
802 3004 948 3069 subducto
962 3010 1060 3077 succo.
1134 3023 1137 3030 ’

68 3116 124 3176 52.
159 3112 317 3170 Suauiter!
360 3129 568 3192 quascumque
640 3108 777 3184 57-62.
792 3107 937 3191 Sequitur
950 3113 1042 3174 altera
1058 3137 1104 3176 rn-

69 3232 152 3277 artes
191 3213 230 3275 ad
271 3215 420 3270 maiorem
464 3231 569 3271 earum
611 3212 655 3268 tio
675 3209 822 3271 naturalis
843 3218 1104 3292 procreandarum

70 3318 193 3378 cultum
235 3313 399 3385 adhibeas,
443 3313 571 3376 feliciter
613 3309 1104 3402 nrbonrrn(supra'v.14-16)‚

69 3420 130 3481 tibi
153 3417 314 3477 succedere
336 3415 463 3476 videbis.
613 3413 785 3477 exsemine
811 3420 845 3477 in
866 3417 962 3479 solum
991 3423 1104 3499 delato,

139 3522 304 3582 53-56.
349 3518 433 3578 Alius
461 3517 571 3578 modus
612 3536 672 3575 vnn
702 3539 771 3576 cum
803 3520 903 3581 modis
936 3544 1005 3583 eum
1041 3543 1106 3589 erte

68 3618 257 3687 filuestrlbus
285 3619 443 3681 arboribus
465 3622 572 3679 mitem
614 3620 800 3680 emendandi
814 3623 1035 3692 etadiuuandi.
1062 3630 1108 3689 Ex

70 3740 219 3790 naturam
233 3724 383 3786 induendi
399 3718 456 3794 est,
477 3719 499 3783 ss
512 3717 573 3780 llo·
614 3719 644 3782 h.
658 3712 682 3779 l.'
696 3722 906 3786 dilucidandus
920 3729 997 3789 Plin.
1006 3732 1106 3804 XVII,

71 3830 167 3891 lones
192 3826 229 3885 ab
257 3826 359 3886 radice
387 3823 573 3906 pullulantes
620 3823 703 3896 10,s.
724 3846 770 3887 10.
813 3827 978 3909 Egerntde
993 3831 1107 3894 semine

73 3935 123 4009 (v.
146 3931 287 4009 17-19)
309 3933 343 3988 in
361 3948 503 4008 campum
522 3945 574 3985 va·
615 3958 657 3972 —
675 3927 793 3986 Omnia
813 3928 896 3993 llaec
913 3931 1013 3992 tarda
1030 3957 1107 4013 pro·

71 4053 170 4094 cuum
187 4047 218 4091 et
232 4029 372 4092 insulem
391 4030 575 4089 transferen·
615 4043 717 4087 ventu
744 4051 787 4089 ae
811 4031 1049 4111 degenerantia
1075 4051 1109 4095 et

69 4152 145 4207 tur,
183 4155 254 4193 cunr
274 4128 343 4211 ipfis
363 4152 448 4193 nunc
469 4131 575 4192 vmbra
616 4127 710 4204 infito
727 4131 934 4210 restituenda.
982 4139 1032 4216 57.
1052 4138 1109 4215 se-

68 4243 184 4301 matris
200 4251 331 4310 noceat,
362 4235 506 4299 verduni
523 4247 576 4295 aut
616 4233 760 4298 minibus
776 4237 890 4313 iactis,
913 4236 965 4300 seu
980 4253 1107 4314 temere,
