2692 4914
202 298 547 400 onoueroon
580 299 680 373 tte.
702 302 731 392 1,
750 299 964 399 493-500
1030 308 1106 408 593

75 490 129 560 Di
147 490 256 586 patrii
276 485 478 584 Indigetes,
513 505 552 559 et
573 485 743 576 Romule,
772 484 954 589 Vestaque
974 512 1103 587 mater,

75 628 185 717 Quae
197 617 358 692 Tuscum
375 619 542 693 Tiberim
562 637 599 694 et
620 622 789 693 Romana
808 622 948 696 Palatia
971 613 1103 720 seiuae,

73 759 186 830 Hunc
202 752 327 827 saitem
340 751 467 827 euerso
480 758 656 828 iuuenem
673 752 882 829 succurrere
898 755 1016 834 saeclo
1028 762 1103 838 500

159 934 210 1004 498
234 935 277 985 Dr
292 940 395 1002 patris,
421 931 581 1005 IndIgeter,
609 931 730 1004 distingui
749 931 842 1004 potest.
870 953 892 986 v.
911 936 978 991 Not.
1020 907 1110 995 tadu

71 1037 165 1090 gerrae
182 1018 223 1070 ed.
240 1019 309 1069 Ven.
345 1020 386 1072 Di
405 1023 518 1086 patriae
532 1014 652 1070 Heinfiue
673 1015 790 1071 maluisse
811 1017 898 1070 fertur.
966 1031 1018 1093 499
1044 1027 1101 1096 Qut

71 1105 164 1174 fragm.
184 1104 282 1157 Moret.
296 1101 369 1155 Vols.
406 1117 433 1154 et
446 1101 543 1156 abesse
559 1104 669 1155 Veneto.
743 1104 793 1158 600
814 1105 890 1157 Huic
908 1104 990 1159 Goth.
1011 1108 1098 1164 leot

69 1208 108 1240 m.
124 1188 173 1241 sec.
210 1188 308 1258 auerso
322 1188 433 1241 Mentel.
448 1207 487 1261 pr.
503 1206 517 1239 a
531 1206 565 1258 m,
582 1207 620 1260 pr.
656 1195 784 1242 iuuenem
797 1189 892 1258 euerso
904 1189 1029 1247 venetur.

112 1326 186 1402 498.
220 1324 281 1381 Dii
298 1321 405 1402 patrii
425 1337 456 1381 et
475 1319 563 1380 Indi·
605 1339 675 1382 tem.
742 1323 855 1383 Saecso
885 1326 935 1401 (vt
957 1348 985 1388 v.
1009 1330 1094 1411 468)

62 1439 158 1502 getes
184 1423 222 1483 ab
252 1424 316 1483 eliis
350 1442 409 1503 pro
442 1423 560 1495 iisdem,
602 1424 713 1501 euerso
730 1425 814 1496 dixit,
838 1427 924 1509 quod
941 1432 974 1488 in
994 1429 1094 1508 prose,

65 1526 108 1588 ab
129 1526 194 1585 eliis
214 1546 272 1605 pro
298 1520 421 1585 diuersis
446 1520 561 1588 heben-
602 1526 697 1585 rebus
720 1527 862 1607 perditis
878 1527 1096 1602 succurrere:

64 1646 126 1690 tur.
158 1628 217 1692 vid.
239 1626 380 1697 Cerdunt,
406 1624 558 1698 Ruueum,
600 1642 632 1687 vt
662 1627 811 1702 euersum
835 1630 1006 1707 imperium
1035 1653 1094 1712 pro

58 1733 234 1792 Martinum
254 1743 285 1788 et
305 1725 450 1787 Thesaur.
471 1728 506 1784 L.
523 1728 558 1785 L.
600 1727 784 1790 labefactata
791 1771 801 1803 ,
855 1729 894 1788 ud
935 1734 1095 1796 interitum

62 1835 134 1893 Nec
155 1835 265 1891 mirum
286 1827 363 1901 hoc,
399 1849 458 1909 pro
478 1832 559 1890 varia
599 1845 721 1893 ruente.
764 1853 793 1890 v.
821 1829 921 1894 Duclt.
956 1832 995 1890 nd
1024 1836 1107 1907 Liu.¹

61 1938 229 1997 nominum
256 1951 421 2012 rerumque
452 1951 558 2010 eccep-
600 1935 704 2006 XXX,
723 1934 771 2006 16,
787 1935 817 1995 6.
855 1933 1000 1993 Ceterum
1011 1955 1093 1998 non.

62 2041 161 2097 tione.
203 2036 312 2116 ltaque
330 2038 363 2094 in
383 2032 443 2093 hoc
460 2036 557 2093 otium
599 2034 683 2098 nulla
718 2037 752 2093 in
782 2032 977 2117 sequentibus
1012 2036 1091 2112 sunt,
1211 2089 1216 2100 ,

61 2138 242 2199 consumere
261 2137 369 2197 nolim.
411 2136 557 2215 Apoetir
599 2156 678 2218 quoe
705 2135 786 2195 sorte
813 2136 959 2196 Romanis
992 2143 1090 2220 megin

61 2245 165 2300 minue
197 2238 301 2300 seuere
334 2238 490 2319 diligentie
522 2240 557 2296 in
596 2235 720 2318 probari
739 2252 923 2316 potuerunt,
958 2239 1090 2303 anobis

60 2340 108 2403 bis
129 2344 303 2423 requiritur.
358 2339 419 2399 Pro
447 2337 555 2397 iisdem
598 2339 730 2399 excusari
750 2339 831 2399 sorte
855 2339 921 2400 setis
941 2335 1001 2418 est3
1032 2338 1088 2403 etii

59 2441 157 2504 habet
190 2445 283 2502 etium
314 2440 480 2519 Spencius,
523 2452 555 2501 et
597 2439 750 2500 declarare
766 2440 918 2514 videntur,
938 2444 999 2501 ianr
1019 2457 1087 2504 turn

57 2545 186 2615 Iouem,
210 2543 393 2615 sunonem,
437 2561 472 2600 uc
493 2541 554 2599 Mi·
594 2558 706 2621 poetee
733 2547 837 2604 animo
866 2539 1003 2604 insedisse
1025 2544 1086 2605 Ae·

55 2664 187 2708 neruum
200 2642 350 2726 defigneri
363 2643 552 2728 pututPoly·
591 2645 692 2704 nuidis
722 2657 952 2724 argumentum,
1000 2659 1033 2704 vt
1064 2666 1086 2706 ι

56 2751 143 2809 met(
155 2769 187 2827 p.
202 2748 273 2808 315,
300 2743 428 2806 Possunt
446 2761 550 2806 tamen
591 2747 732 2805 Troianis
749 2743 839 2805 rebus
851 2743 913 2806 fetu
926 2744 1085 2808 Romano-

56 2869 97 2908 ex
111 2863 224 2928 poetae
239 2851 342 2908 animo
364 2844 550 2928 distinguen·
591 2868 658 2908 tum
686 2860 757 2926 apte
786 2861 818 2905 et
845 2865 924 2904 nexa
958 2846 1083 2909 fuceret.

58 2952 100 3010 de
123 2951 218 3010 videri
237 2954 383 3023 numine,
414 2948 548 3010 fiOuid.
590 2938 823 3007 Laomedontis
840 2961 923 3007 certe
932 2949 1085 3026 periuria

58 3052 165 3112 locum
205 3052 281 3112 Met.
309 3053 381 3125 XV,
419 3051 550 3134 861tq,
592 3053 699 3110 nimis,
721 3049 816 3131 longe
852 3050 950 3129 petitu
987 3050 1084 3113 viden·

55 3158 113 3233 qui
129 3153 202 3213 inde
219 3150 369 3233 expressus
385 3151 437 3227 est,
459 3153 551 3232 respi·
591 3147 733 3231 possum3
778 3169 838 3209 nee
866 3149 1084 3213 sententiarum

55 3259 130 3315 rias.
194 3255 255 3314 Dii
283 3255 448 3334 Indigetes
482 3254 551 3314 sunt
592 3252 757 3312 admodum
778 3251 956 3314 commodus
978 3269 1009 3314 et
1029 3276 1083 3316 na·

54 3351 208 3442 ἐγχώριοι.
274 3358 318 3416 Ex
359 3361 395 3419 iis
429 3359 549 3417 Aeneas
592 3354 694 3415 ruralis
708 3353 785 3415 ordo
801 3368 832 3414 et
850 3358 992 3414 iunctura
1011 3353 1082 3419 esse.

55 3476 142 3522 erat:
169 3459 229 3519 vid.
244 3461 312 3518 Liu.
326 3460 351 3533 1,
367 3481 385 3520 2
405 3475 477 3520 extr.
496 3461 550 3518 Ti·
590 3456 707 3516 Verum
730 3455 769 3517 de
784 3455 996 3519 Romanorum
1015 3458 1094 3526 sens

46 3561 180 3633 ·bu11.11,
191 3566 221 3632 5,
235 3564 287 3638 46.
303 3555 380 3625 Aen.
394 3561 548 3641 XII,794.
590 3555 623 3618 su
652 3557 862 3640 quaerendum
893 3573 975 3632 erut,
1014 3578 1083 3622 non

53 3662 144 3725 Idem
172 3664 292 3724 Aeneas
320 3661 399 3722 deos
420 3667 551 3748 patrios
592 3660 641 3728 de,
656 3657 770 3722 nostro.
826 3659 946 3751 Scilicet
970 3675 1084 3744 magne

51 3762 107 3824 seu
123 3763 264 3823 Penates
284 3784 301 3824 e
322 3766 417 3825 Troia
437 3770 471 3826 in
491 3767 551 3826 La·
592 3764 694 3846 alique
733 3762 885 3845 calamitae
922 3779 990 3823 non
1025 3758 1083 3824 nisi

50 3871 134 3926 tium
150 3866 320 3928 aduexerat.
369 3870 442 3929 500.
459 3870 550 3926 iuue-
592 3865 720 3927 deorum
748 3868 799 3927 'trit
816 3867 939 3926 immitti
965 3859 1082 3947 potest:

53 3988 146 4036 nem,
168 3968 277 4029 vtEcl.
295 3968 395 4046 1‚43,
415 3969 549 4031 Romani
592 3967 726 4031 exarsere
748 3968 819 4031 illae
839 3984 953 4050 magno
976 3963 1080 4047 atiquo

48 4071 202 4131 sermonis
231 4086 309 4131 noto
337 4070 389 4132 vsu
416 4073 550 4153 appellet
591 4071 702 4132 scelere
720 4091 756 4130 ec
774 4067 896 4150 piaculo
914 4060 1079 4126 commisso.

47 4175 261 4233 Octauianum
280 4174 450 4248 Caesarem,
484 4189 548 4233 tum
591 4173 638 4233 Itu
663 4173 743 4233 bella
775 4171 875 4232 ciuilia
907 4169 1082 4229 referuntur

13 4281 16 4286 ’
46 4275 133 4339 circa'
159 4275 282 4340 XXVII
311 4297 425 4341 annum
456 4295 549 4361 egen·
592 4275 631 4338 od
666 4278 818 4338 maiorum
849 4289 996 4355 magnum
1027 4269 1080 4330 eli·
