2692 4914
261 315 611 390 eucnemon
645 311 1046 423 meinero-545
1124 291 1199 397 im

159 505 198 577 Si
222 528 300 575 non
323 521 425 576 tanta
447 508 552 604 quies
585 507 656 576 iret
686 498 879 598 frigusque
904 500 1145 598 caloremque

158 640 278 726 Inter,
303 655 341 709 et
360 642 549 737 exciperet
571 636 669 713 coeli
693 632 925 730 indulgentia
947 651 1073 708 terras.
1119 634 1197 719 345⁴

230 771 347 873 Quod
367 770 541 873 superest,
584 791 846 875 quaecumque
866 791 1013 866 premes
1037 768 1194 868 virgulta

776 927 846 1004 per
868 927 988 1001 agros,

224 1086 275 1153 544
296 1089 364 1139 Cum
378 1094 436 1139 tam
452 1100 534 1138 tanta
548 1085 617 1138 Ven.
655 1103 708 1152 que
722 1082 780 1157 post
796 1085 921 1137 calorem
938 1084 1064 1139 omittunt
1076 1084 1190 1158 plurimi.
1206 1106 1224 1119 ’-

155 1169 330 1240 Philargi‘riue
353 1173 465 1242 primam
486 1171 627 1224 lectionem
641 1167 714 1222 iuiss'e
731 1170 767 1222 nit
782 1172 927 1241 calorque.
964 1169 1069 1224 Scilicet
1093 1188 1192 1226 metuc-

154 1254 220 1309 bnnt
243 1258 305 1310 boni
328 1258 373 1311 viri
393 1256 476 1309 versus
494 1256 636 1309 mensurae.
694 1256 772 1307 Inter
790 1270 816 1306 et
837 1263 891 1306 tret
915 1258 1065 1326 permutatis
1088 1256 1191 1312 sedibus

152 1339 236 1395 babet
247 1343 308 1394 edit.
324 1342 447 1398 Norimb.
463 1340 533 1413 apud
545 1341 697 1396 Matrinum.
767 1341 817 1409 345
831 1341 1011 1400 Burmannus.
1029 1341 1092 1399 dum
1105 1342 1133 1394 in
1146 1342 1189 1396 vlu

153 1430 205 1481 τοῦ
227 1435 357 1498 excipere
377 1425 515 1492 haerebpt,
544 1424 713 1482 coniiciebet,
749 1433 892 1495 enci'perec
916 1426 990 1477 caeli
1008 1426 1190 1500 indulgentia

152 1527 271 1572 ventos,
295 1528 354 1574 nur,
382 1511 542 1581 adsptceret
562 1511 637 1562 caeli
655 1509 835 1580 indulgentia
853 1525 952 1562 terras.
999 1511 1051 1563 Sed
1064 1513 1115 1564 vid.
1130 1514 1190 1566 Nn·

152 1612 204 1652 tet.
240 1596 315 1654 Vrtur
330 1595 421 1654 Meed.
453 1596 525 1648 haec
543 1609 657 1666 pareret
674 1593 754 1647 babet
769 1613 817 1666 pro
839 1603 1002 1664 exciperet;
1033 1596 1099 1656 vnde
1110 1597 1187 1653 facile

153 1680 256 1758 aliquid
268 1683 384 1738 extricari
400 1678 493 1757 possm
518 1679 563 1735 sed
577 1677 615 1732 est
627 1677 660 1732 eb
672 1679 760 1753 inepta
773 1697 862 1731 manu.
900 1687 1060 1749 exciperent
1072 1682 1154 1742 Rom.
1241 1728 1245 1736 .

151 1836 334 1919 frigoreae
362 1837 463 1899 calore
495 1851 650 1917 tamquam
692 1835 819 1915 cipiunt
844 1833 920 1910 sese
951 1836 1095 1896 inuicem
1126 1860 1185 1915 ree,

150 1937 340 2013 molestiam,
388 1933 486 2003 πόνον.
553 1951 651 1996 tanta
692 1956 772 2018 quae
808 1934 863 1995 fibi
896 1934 1081 2001 succeduntt
1121 1957 1188 2004 tum

150 2043 264 2125 quies,
313 2043 353 2103 de
382 2040 546 2122 tranquilla
576 2043 650 2098 anni
692 2042 783 2097 etiam
805 2059 870 2111 res,
912 2038 1014 2113 cesus,
1047 2047 1101 2124 qui
1124 2050 1188 2105 exie

152 2141 323 2224 temperie,
372 2142 531 2204 moderata
570 2145 650 2203 inter
690 2137 788 2212 stunt,
825 2148 1063 2224 emergunt'nut
1085 2145 1187 2209 succe·

151 2246 269 2307 nestum
296 2262 328 2307 et
349 2246 453 2329 frigus.
502 2245 567 2302 iret
590 2262 649 2323 pro
692 2242 788 2316 dunt,
820 2246 970 2322 excipere
991 2265 1052 2304 nos
1078 2248 1186 2310 dicun.
1296 2259 1300 2263 ’

151 2345 241 2421 effer,
267 2349 382 2431 vulgari
401 2346 505 2410 verbo.
549 2345 649 2405 Petite
691 2359 750 2417 tur,
773 2360 805 2404 vt
820 2346 935 2408 inillo:
954 2347 1051 2407 aliud
1064 2340 1186 2413 bellirrn

150 2469 257 2510 nutem
278 2450 355 2513 haec
376 2450 542 2509 eLucretii
562 2466 649 2528 penu
691 2468 765 2506 omn
793 2452 929 2529 excepit.
991 2450 1039 2510 Ita
1064 2453 1185 2515 videtur

149 2554 203 2626 V,
240 2556 337 2625 1213,
381 2547 494 2634 quoad
516 2552 649 2608 moenia
690 2548 720 2609 h.
734 2551 755 2610 l.
772 2550 896 2610 dictum.
940 2551 1066 2634 Alioqui
1078 2574 1115 2614 ex
1133 2577 1183 2630 eo,

150 2653 272 2713 mundi
307 2656 352 2713 Et
402 2653 497 2711 taciti
541 2665 648 2709 motus
689 2651 775 2734 quod
794 2655 954 2730 excipere,
974 2651 1110 2735 benigne
1130 2658 1185 2716 nli·

149 2752 646 2836 lmncpoffintferrelaborem.
688 2775 781 2835 quem
799 2770 946 2826 tractare,
974 2744 1099 2829 fouere,
1129 2758 1184 2818 de·

148 2858 214 2917 Alii
233 2855 282 2915 vff.
304 2860 444 2934 343—5
471 2876 540 2914 cum
562 2869 648 2912 ante·
687 2854 795 2937 signat,
824 2861 953 2936 petitum
971 2857 1066 2916 videri
1081 2856 1182 2937 possit,

150 2959 335 3040 cedentibus
351 2959 389 3018 de
408 2956 647 3037 orbeterrarum
687 2974 719 3015 vt
741 2958 866 3017 Caelum
897 2961 1037 3037 excipere
1064 2958 1184 3022 dicatur

149 3067 186 3121 in
217 3081 287 3120 vere
313 3075 389 3119 nato
417 3063 569 3141 iungunt,
614 3071 647 3116 vt
688 3060 825 3119 Terram.
869 3059 931 3119 Sed
955 3059 1015 3121 hoc
1036 3046 1183 3143 argutius}

146 3163 295 3244 peffent,
338 3165 420 3233 iret,
466 3162 647 3234 exciperet,
689 3181 781 3243 qunrn
797 3182 853 3243 per
868 3159 927 3237 est,
957 3162 1072 3222 dictum
1091 3163 1184 3236 effert

148 3264 229 3336 fint,
272 3285 329 3344 pro
355 3264 533 3344 potniffenc
556 3277 586 3320 et
606 3259 647 3320 fic
687 3284 746 3323 nec
764 3279 908 3344 apparet,
928 3266 1088 3347 quomodo
1106 3269 1182 3330 Cae.

148 3387 248 3448 porro
268 3367 366 3434 dicta:
396 3384 455 3425 nec
475 3364 535 3424 hoc
557 3364 645 3424 male.
687 3366 751 3425 lum
772 3365 882 3425 Terras
913 3380 946 3425 vt
973 3389 1105 3447 puerum
1134 3371 1187 3433 rei·

148 3465 248 3530 Poffis
261 3468 385 3527 laudare
398 3468 518 3527 Lucret.
533 3468 572 3538 V,
584 3468 646 3544 778
689 3469 881 3528 cens'nntum
904 3472 1042 3550 excipiat.
1071 3470 1182 3533 indul·
1250 3496 1252 3498 ·

149 3573 250 3632 Nunc
268 3569 366 3628 redeo
389 3569 436 3628 ad
455 3567 570 3627 mundi
588 3588 646 3625 no·
683 3571 800 3646 gentio
820 3569 954 3650 pulcrius
983 3577 1075 3654 quem
1101 3590 1180 3636 tem.

148 3677 292 3732 vitatem
325 3687 357 3729 et
386 3671 498 3729 mollia
536 3685 646 3728 terrae
685 3675 817 3751 petatio,
841 3671 1011 3736 clementia*⁸
1056 3677 1180 3738 Gratius

148 3777 264 3842 Arna,
284 3794 370 3833 nono
384 3774 462 3849 fetu
482 3771 563 3856 qnid
577 3772 646 3851 pri·
689 3777 749 3853 295
778 3775 868 3832 Dum
895 3774 1008 3857 tepida
1029 3778 1179 3858 indulget

147 3880 300 3938 miamin
321 3877 452 3935 luminis
477 3895 553 3934 oras
573 3873 645 3933 Tol-
688 3877 784 3934 terris
807 3875 980 3937 clementia
1003 3880 1127 3941 mnndi.
1166 3883 1169 3892 ’

146 3982 221 4042 lere
244 4015 283 4032 -
318 3981 355 4038 Et
376 3977 647 4059 sup.Ecl.V1,54
728 3979 801 4055 346.
822 3979 912 4040 Nunc
928 3980 967 4041 de
989 4001 1059 4040 cura
1081 3982 1181 4043 surcu-

146 4100 185 4149 ιι,
210 4083 280 4163 ipse
308 4096 402 4140 tener
428 4079 544 4139 mnndi
571 4101 647 4138 con·
687 4078 789 4139 lorum
808 4078 984 4161 politorum.
1013 4083 1061 4143 Ci.
1076 4082 1181 4145 Theo-

145 4187 294 4245 creuert't
312 4183 407 4247 orbis.
421 4214 463 4235 ι-
489 4185 562 4263 545.
581 4185 647 4244 Ex·
688 4179 800 4262 phrnst.
828 4181 932 4257 Cauil,
949 4184 1046 4248 Plani
1067 4185 1112 4253 Ill
1117 4227 1129 4260 ,
1158 4187 1179 4249 ⁵
