<?xml version="1.0" encoding="UTF-8"?>
<!DOCTYPE html PUBLIC "-//W3C//DTD XHTML 1.0 Transitional//EN"
    "http://www.w3.org/TR/xhtml1/DTD/xhtml1-transitional.dtd">
<html xmlns="http://www.w3.org/1999/xhtml" xml:lang="en" lang="en">
 <head>
  <title>
</title>
<meta http-equiv="Content-Type" content="text/html;charset=utf-8" />
  <meta name='ocr-system' content='tesseract 3.04.00' />
  <meta name='ocr-capabilities' content='ocr_page ocr_carea ocr_par ocr_line ocrx_word'/>
</head>
<body>
  <div class='ocr_page' id='page_1' title='image "./pvirgilivsmarov00virggoog_0681.png"; bbox 0 0 2700 4906; ppageno 0'>
   <div class='ocr_carea' id='block_1_1' title="bbox 149 343 979 426">
    <p class='ocr_par' dir='ltr' id='par_1_1' title="bbox 149 343 979 426">
     <span class='ocr_line' id='line_1_1' title="bbox 149 343 979 426; baseline -0.007 0"><span class='ocrx_word' id='word_1_1' title='bbox 149 353 224 426; x_wconf 78' lang='lat'>612</span> <span class='ocrx_word' id='word_1_2' title='bbox 363 347 405 419; x_wconf 89' lang='grc' dir='ltr'>Ρ.</span> <span class='ocrx_word' id='word_1_3' title='bbox 427 345 675 422; x_wconf 83' lang='lat' dir='ltr'>VIRGILII</span> <span class='ocrx_word' id='word_1_4' title='bbox 703 343 979 421; x_wconf 77' lang='lat' dir='ltr'><strong>MARONIS</strong></span> 
     </span>
    </p>
   </div>
   <div class='ocr_carea' id='block_1_2' title="bbox 152 523 1179 1434">
    <p class='ocr_par' dir='ltr' id='par_1_2' title="bbox 152 523 1177 738">
     <span class='ocr_line' id='line_1_2' title="bbox 152 523 1177 636; baseline -0.008 -30"><span class='ocrx_word' id='word_1_5' title='bbox 152 530 315 636; x_wconf 83' lang='lat' dir='ltr'>Quaque</span> <span class='ocrx_word' id='word_1_6' title='bbox 348 531 446 607; x_wconf 87' lang='lat' dir='ltr'>redit</span> <span class='ocrx_word' id='word_1_7' title='bbox 485 533 652 608; x_wconf 88' lang='lat' dir='ltr'>medium</span> <span class='ocrx_word' id='word_1_8' title='bbox 688 530 880 631; x_wconf 85' lang='lat' dir='ltr'>Rhodope</span> <span class='ocrx_word' id='word_1_9' title='bbox 919 544 1099 629; x_wconf 84' lang='lat' dir='ltr'>porrecta</span> <span class='ocrx_word' id='word_1_10' title='bbox 1127 523 1177 599; x_wconf 84' lang='lat' dir='ltr'>suh</span> 
     </span>
     <span class='ocr_line' id='line_1_3' title="bbox 769 690 895 738; baseline -0.008 -1"><span class='ocrx_word' id='word_1_11' title='bbox 769 690 895 738; x_wconf 85' lang='lat' dir='ltr'>axem.</span> 
     </span>
    </p>

    <p class='ocr_par' dir='ltr' id='par_1_3' title="bbox 152 793 1179 896">
     <span class='ocr_line' id='line_1_4' title="bbox 152 793 1179 896; baseline -0.008 -20"><span class='ocrx_word' id='word_1_12' title='bbox 152 801 233 876; x_wconf 86' lang='lat' dir='ltr'>Illic</span> <span class='ocrx_word' id='word_1_13' title='bbox 249 797 377 875; x_wconf 86' lang='lat' dir='ltr'>clausa</span> <span class='ocrx_word' id='word_1_14' title='bbox 398 817 527 874; x_wconf 89' lang='lat' dir='ltr'>tenent</span> <span class='ocrx_word' id='word_1_15' title='bbox 545 795 691 872; x_wconf 87' lang='lat' dir='ltr'>stabulis</span> <span class='ocrx_word' id='word_1_16' title='bbox 713 816 904 887; x_wconf 88' lang='lat' dir='ltr'>armenta;</span> <span class='ocrx_word' id='word_1_17' title='bbox 948 820 1080 896; x_wconf 87' lang='lat' dir='ltr'>neque</span> <span class='ocrx_word' id='word_1_18' title='bbox 1099 793 1179 868; x_wconf 82' lang='lat' dir='ltr'>rllae</span> 
     </span>
    </p>

    <p class='ocr_par' dir='ltr' id='par_1_4' title="bbox 152 922 1178 1032">
     <span class='ocr_line' id='line_1_5' title="bbox 152 922 1178 1032; baseline -0.011 -22"><span class='ocrx_word' id='word_1_19' title='bbox 152 939 229 1010; x_wconf 79' lang='lat' dir='ltr'>Aut</span> <span class='ocrx_word' id='word_1_20' title='bbox 242 922 381 1009; x_wconf 85' lang='lat' dir='ltr'><strong>herbae</strong></span> <span class='ocrx_word' id='word_1_21' title='bbox 393 957 525 1032; x_wconf 88' lang='lat' dir='ltr'>campo</span> <span class='ocrx_word' id='word_1_22' title='bbox 544 931 740 1032; x_wconf 80' lang='lat' dir='ltr'>adparent,</span> <span class='ocrx_word' id='word_1_23' title='bbox 769 951 835 1005; x_wconf 84' lang='lat' dir='ltr'>aut</span> <span class='ocrx_word' id='word_1_24' title='bbox 852 931 1000 1006; x_wconf 85' lang='lat' dir='ltr'>arbore</span> <span class='ocrx_word' id='word_1_25' title='bbox 1023 927 1178 1003; x_wconf 78' lang='lat' dir='ltr'>frondes:</span> 
     </span>
    </p>

    <p class='ocr_par' dir='ltr' id='par_1_5' title="bbox 153 1064 1094 1165">
     <span class='ocr_line' id='line_1_6' title="bbox 153 1064 1094 1165; baseline -0.01 -20"><span class='ocrx_word' id='word_1_26' title='bbox 153 1068 230 1145; x_wconf 88' lang='lat' dir='ltr'>Sed</span> <span class='ocrx_word' id='word_1_27' title='bbox 258 1073 356 1142; x_wconf 87' lang='lat' dir='ltr'>iacet</span> <span class='ocrx_word' id='word_1_28' title='bbox 383 1065 574 1165; x_wconf 79' lang='lat' dir='ltr'><strong>aggeribus</strong></span> <span class='ocrx_word' id='word_1_29' title='bbox 600 1069 719 1138; x_wconf 84' lang='lat' dir='ltr'>niueis</span> <span class='ocrx_word' id='word_1_30' title='bbox 746 1064 921 1139; x_wconf 84' lang='lat' dir='ltr'>informis</span> <span class='ocrx_word' id='word_1_31' title='bbox 950 1083 992 1139; x_wconf 86' lang='lat' dir='ltr'>et</span> <span class='ocrx_word' id='word_1_32' title='bbox 1016 1064 1094 1136; x_wconf 87' lang='lat' dir='ltr'>alto</span> 
     </span>
    </p>

    <p class='ocr_par' dir='ltr' id='par_1_6' title="bbox 153 1190 1178 1298">
     <span class='ocr_line' id='line_1_7' title="bbox 153 1190 1178 1298; baseline -0.008 -24"><span class='ocrx_word' id='word_1_33' title='bbox 153 1204 272 1277; x_wconf 84' lang='lat' dir='ltr'>Terra</span> <span class='ocrx_word' id='word_1_34' title='bbox 287 1199 371 1298; x_wconf 81' lang='lat' dir='ltr'>gelu</span> <span class='ocrx_word' id='word_1_35' title='bbox 385 1199 470 1289; x_wconf 81' lang='lat' dir='ltr'>late,</span> <span class='ocrx_word' id='word_1_36' title='bbox 495 1197 708 1298; x_wconf 87' lang='lat' dir='ltr'>septemque</span> <span class='ocrx_word' id='word_1_37' title='bbox 723 1197 885 1296; x_wconf 81' lang='lat' dir='ltr'>adsurgit</span> <span class='ocrx_word' id='word_1_38' title='bbox 902 1204 944 1272; x_wconf 92' lang='lat' dir='ltr'>in</span> <span class='ocrx_word' id='word_1_39' title='bbox 965 1196 1087 1271; x_wconf 80' lang='lat' dir='ltr'>vlnas.</span> <span class='ocrx_word' id='word_1_40' title='bbox 1118 1190 1178 1269; x_wconf 77' lang='lat'>355</span> 
     </span>
    </p>

    <p class='ocr_par' dir='ltr' id='par_1_7' title="bbox 153 1329 1140 1434">
     <span class='ocr_line' id='line_1_8' title="bbox 153 1329 1140 1434; baseline -0.008 -24"><span class='ocrx_word' id='word_1_41' title='bbox 153 1335 307 1432; x_wconf 85' lang='lat' dir='ltr'>Semper</span> <span class='ocrx_word' id='word_1_42' title='bbox 327 1331 462 1423; x_wconf 86' lang='lat' dir='ltr'>hiems,</span> <span class='ocrx_word' id='word_1_43' title='bbox 494 1330 637 1434; x_wconf 84' lang='lat' dir='ltr'>semper</span> <span class='ocrx_word' id='word_1_44' title='bbox 657 1329 832 1432; x_wconf 75' lang='lat' dir='ltr'>spirantes</span> <span class='ocrx_word' id='word_1_45' title='bbox 850 1329 1001 1432; x_wconf 79' lang='lat' dir='ltr'>frigora</span> <span class='ocrx_word' id='word_1_46' title='bbox 1023 1333 1140 1405; x_wconf 85' lang='lat' dir='ltr'>Gauri.</span> 
     </span>
    </p>
   </div>
   <div class='ocr_carea' id='block_1_3' title="bbox 71 1531 1181 2370">
    <p class='ocr_par' dir='ltr' id='par_1_8' title="bbox 71 1531 1181 2286">
     <span class='ocr_line' id='line_1_9' title="bbox 153 1531 1178 1606; baseline -0.005 -16"><span class='ocrx_word' id='word_1_47' title='bbox 153 1554 189 1590; x_wconf 77' lang='lat' dir='ltr'>tn</span> <span class='ocrx_word' id='word_1_48' title='bbox 208 1551 292 1597; x_wconf 78' lang='lat' dir='ltr'>recte,</span> <span class='ocrx_word' id='word_1_49' title='bbox 311 1534 412 1589; x_wconf 83' lang='lat' dir='ltr'>dubito.</span> <span class='ocrx_word' id='word_1_50' title='bbox 447 1532 492 1588; x_wconf 89' lang='lat' dir='ltr'>Est</span> <span class='ocrx_word' id='word_1_51' title='bbox 511 1535 581 1588; x_wconf 79' lang='lat' dir='ltr'>onim</span> <span class='ocrx_word' id='word_1_52' title='bbox 599 1552 681 1606; x_wconf 88' lang='lat' dir='ltr'>praua</span> <span class='ocrx_word' id='word_1_53' title='bbox 701 1533 849 1606; x_wconf 84' lang='lat' dir='ltr'>sequiorum</span> <span class='ocrx_word' id='word_1_54' title='bbox 871 1533 1048 1589; x_wconf 82' lang='lat' dir='ltr'>saeculorum</span> <span class='ocrx_word' id='word_1_55' title='bbox 1067 1531 1178 1604; x_wconf 77' lang='lat' dir='ltr'>aspiratio</span> 
     </span>
     <span class='ocr_line' id='line_1_10' title="bbox 152 1614 1178 1693; baseline -0.008 -16"><span class='ocrx_word' id='word_1_56' title='bbox 152 1623 202 1678; x_wconf 71' lang='lat'>⁸51</span> <span class='ocrx_word' id='word_1_57' title='bbox 224 1625 367 1693; x_wconf 76' lang='lat' dir='ltr'>Quanrque</span> <span class='ocrx_word' id='word_1_58' title='bbox 387 1629 463 1674; x_wconf 78' lang='lat' dir='ltr'>iacet</span> <span class='ocrx_word' id='word_1_59' title='bbox 478 1619 567 1673; x_wconf 84' lang='lat' dir='ltr'>schot.</span> <span class='ocrx_word' id='word_1_60' title='bbox 589 1621 683 1673; x_wconf 84' lang='lat' dir='ltr'>Horat.</span> <span class='ocrx_word' id='word_1_61' title='bbox 704 1619 790 1692; x_wconf 82' lang='lat' dir='ltr'>Epod.</span> <span class='ocrx_word' id='word_1_62' title='bbox 808 1638 848 1680; x_wconf 87' lang='lat'>10,</span> <span class='ocrx_word' id='word_1_63' title='bbox 881 1619 929 1672; x_wconf 84' lang='lat' dir='ltr'>sed</span> <span class='ocrx_word' id='word_1_64' title='bbox 949 1620 1031 1674; x_wconf 77' lang='lat' dir='ltr'>aiiter</span> <span class='ocrx_word' id='word_1_65' title='bbox 1051 1621 1120 1673; x_wconf 77' lang='lat' dir='ltr'>idem</span> <span class='ocrx_word' id='word_1_66' title='bbox 1136 1614 1178 1669; x_wconf 83' lang='lat' dir='ltr'>Otl</span> 
     </span>
     <span class='ocr_line' id='line_1_11' title="bbox 152 1703 1181 1775; baseline -0.005 -15"><span class='ocrx_word' id='word_1_67' title='bbox 152 1707 199 1769; x_wconf 88' lang='lat' dir='ltr'>ln,</span> <span class='ocrx_word' id='word_1_68' title='bbox 218 1725 257 1765; x_wconf 89' lang='grc' dir='ltr'>ιο,</span> <span class='ocrx_word' id='word_1_69' title='bbox 299 1707 377 1760; x_wconf 78' lang='lat' dir='ltr'>radit</span> <span class='ocrx_word' id='word_1_70' title='bbox 396 1705 471 1758; x_wconf 88' lang='lat' dir='ltr'>rideo</span> <span class='ocrx_word' id='word_1_71' title='bbox 493 1723 508 1758; x_wconf 90' lang='lat' dir='ltr'>a</span> <span class='ocrx_word' id='word_1_72' title='bbox 527 1705 611 1758; x_wconf 84' lang='lat' dir='ltr'>Pierio</span> <span class='ocrx_word' id='word_1_73' title='bbox 630 1704 748 1766; x_wconf 82' lang='lat' dir='ltr'>excitari,</span> <span class='ocrx_word' id='word_1_74' title='bbox 770 1703 848 1756; x_wconf 78' lang='lat' dir='ltr'>male.</span> <span class='ocrx_word' id='word_1_75' title='bbox 906 1705 1057 1775; x_wconf 72' lang='lat' dir='ltr'>Rhodope</span> <span class='ocrx_word' id='word_1_76' title='bbox 1077 1703 1181 1757; x_wconf 71' lang='lat' dir='ltr'>media</span> 
     </span>
     <span class='ocr_line' id='line_1_12' title="bbox 152 1785 1181 1864; baseline -0.006 -18"><span class='ocrx_word' id='word_1_77' title='bbox 152 1793 243 1846; x_wconf 79' lang='lat' dir='ltr'>Franc.</span> <span class='ocrx_word' id='word_1_78' title='bbox 277 1793 334 1864; x_wconf 84' lang='lat' dir='ltr'>sub</span> <span class='ocrx_word' id='word_1_79' title='bbox 354 1810 411 1845; x_wconf 72' lang='lat' dir='ltr'>axo</span> <span class='ocrx_word' id='word_1_80' title='bbox 431 1791 546 1845; x_wconf 74' lang='lat' dir='ltr'>Gadita,</span> <span class='ocrx_word' id='word_1_81' title='bbox 587 1788 715 1858; x_wconf 77' lang='lat' dir='ltr'>gelidum</span> <span class='ocrx_word' id='word_1_82' title='bbox 728 1790 828 1858; x_wconf 78' lang='lat' dir='ltr'>-sub</span> <span class='ocrx_word' id='word_1_83' title='bbox 848 1808 938 1842; x_wconf 72' lang='lat' dir='ltr'>axem</span> <span class='ocrx_word' id='word_1_84' title='bbox 959 1789 1126 1848; x_wconf 81' lang='lat' dir='ltr'>scribendum</span> <span class='ocrx_word' id='word_1_85' title='bbox 1141 1785 1181 1840; x_wconf 74' lang='lat' dir='ltr'>esst</span> 
     </span>
     <span class='ocr_line' id='line_1_13' title="bbox 153 1872 1178 1932; baseline -0.001 0"><span class='ocrx_word' id='word_1_86' title='bbox 153 1878 330 1932; x_wconf 74' lang='lat' dir='ltr'>contendebat</span> <span class='ocrx_word' id='word_1_87' title='bbox 343 1880 382 1930; x_wconf 91' lang='lat' dir='ltr'>Io.</span> <span class='ocrx_word' id='word_1_88' title='bbox 398 1876 534 1929; x_wconf 81' lang='lat' dir='ltr'>Schrader.</span> <span class='ocrx_word' id='word_1_89' title='bbox 569 1874 669 1926; x_wconf 80' lang='lat' dir='ltr'>Verum</span> <span class='ocrx_word' id='word_1_90' title='bbox 682 1872 804 1925; x_wconf 81' lang='lat' dir='ltr'>medium</span> <span class='ocrx_word' id='word_1_91' title='bbox 819 1891 933 1928; x_wconf 80' lang='lat' dir='ltr'>ornatus</span> <span class='ocrx_word' id='word_1_92' title='bbox 949 1875 1043 1931; x_wconf 77' lang='lat' dir='ltr'>caussa</span> <span class='ocrx_word' id='word_1_93' title='bbox 1058 1877 1178 1931; x_wconf 68' lang='lat' dir='ltr'>adimat.</span> 
     </span>
     <span class='ocr_line' id='line_1_14' title="bbox 151 1959 1179 2034; baseline -0.008 -18"><span class='ocrx_word' id='word_1_94' title='bbox 151 1980 210 2016; x_wconf 80' lang='lat' dir='ltr'>uon</span> <span class='ocrx_word' id='word_1_95' title='bbox 223 1962 396 2034; x_wconf 80' lang='lat' dir='ltr'>geographica</span> <span class='ocrx_word' id='word_1_96' title='bbox 408 1960 553 2015; x_wconf 77' lang='lat' dir='ltr'>subtilitate.</span> <span class='ocrx_word' id='word_1_97' title='bbox 623 1961 673 2014; x_wconf 79' lang='lat'>352</span> <span class='ocrx_word' id='word_1_98' title='bbox 690 1977 741 2011; x_wconf 80' lang='lat' dir='ltr'>neo</span> <span class='ocrx_word' id='word_1_99' title='bbox 762 1960 842 2010; x_wconf 79' lang='lat' dir='ltr'>ollae</span> <span class='ocrx_word' id='word_1_100' title='bbox 857 1961 942 2016; x_wconf 80' lang='lat' dir='ltr'>Rom.</span> <span class='ocrx_word' id='word_1_101' title='bbox 1019 1964 1072 2029; x_wconf 69' lang='lat'>354</span> <span class='ocrx_word' id='word_1_102' title='bbox 1088 1959 1179 2011; x_wconf 75' lang='lat' dir='ltr'>arbort-</span> 
     </span>
     <span class='ocr_line' id='line_1_15' title="bbox 71 2031 1179 2116; baseline -0.001 -15"><span class='ocrx_word' id='word_1_103' title='bbox 71 2079 73 2083; x_wconf 58' lang='lat'>&gt;</span> <span class='ocrx_word' id='word_1_104' title='bbox 154 2048 205 2101; x_wconf 77' lang='lat' dir='ltr'>bus</span> <span class='ocrx_word' id='word_1_105' title='bbox 218 2048 286 2100; x_wconf 86' lang='lat' dir='ltr'>Ven.</span> <span class='ocrx_word' id='word_1_106' title='bbox 323 2048 491 2116; x_wconf 73' lang='lat' dir='ltr'>aggregibus</span> <span class='ocrx_word' id='word_1_107' title='bbox 505 2044 588 2099; x_wconf 85' lang='lat' dir='ltr'>Goth.</span> <span class='ocrx_word' id='word_1_108' title='bbox 602 2064 640 2113; x_wconf 91' lang='lat' dir='ltr'>pr.</span> <span class='ocrx_word' id='word_1_109' title='bbox 717 2046 768 2098; x_wconf 78' lang='lat'>355</span> <span class='ocrx_word' id='word_1_110' title='bbox 777 2044 876 2114; x_wconf 75' lang='lat' dir='ltr'>surgit</span> <span class='ocrx_word' id='word_1_111' title='bbox 898 2047 997 2098; x_wconf 79' lang='lat' dir='ltr'>Franc.</span> <span class='ocrx_word' id='word_1_112' title='bbox 1076 2031 1179 2111; x_wconf 59' lang='grc' dir='ltr'><strong><em>356]Ῑῦ</em></strong></span> 
     </span>
     <span class='ocr_line' id='line_1_16' title="bbox 154 2129 1177 2202; baseline -0.006 -18"><span class='ocrx_word' id='word_1_113' title='bbox 154 2139 244 2184; x_wconf 70' lang='lat' dir='ltr'>rantis</span> <span class='ocrx_word' id='word_1_114' title='bbox 257 2132 362 2184; x_wconf 85' lang='lat' dir='ltr'>Cotum.</span> <span class='ocrx_word' id='word_1_115' title='bbox 376 2131 475 2202; x_wconf 88' lang='lat' dir='ltr'>Cruqu.</span> <span class='ocrx_word' id='word_1_116' title='bbox 494 2129 528 2183; x_wconf 87' lang='lat' dir='ltr'>ad</span> <span class='ocrx_word' id='word_1_117' title='bbox 541 2133 634 2182; x_wconf 90' lang='lat' dir='ltr'>Horat.</span> <span class='ocrx_word' id='word_1_118' title='bbox 658 2129 711 2181; x_wconf 93' lang='lat' dir='ltr'>Od.</span> <span class='ocrx_word' id='word_1_119' title='bbox 729 2130 748 2189; x_wconf 89' lang='lat'>1,</span> <span class='ocrx_word' id='word_1_120' title='bbox 761 2147 803 2188; x_wconf 86' lang='lat'>22,</span> <span class='ocrx_word' id='word_1_121' title='bbox 829 2129 874 2180; x_wconf 84' lang='lat' dir='ltr'>sed</span> <span class='ocrx_word' id='word_1_122' title='bbox 896 2130 934 2184; x_wconf 78' lang='lat' dir='ltr'>ad</span> <span class='ocrx_word' id='word_1_123' title='bbox 948 2130 1008 2183; x_wconf 90' lang='lat' dir='ltr'>Od.</span> <span class='ocrx_word' id='word_1_124' title='bbox 1026 2133 1061 2186; x_wconf 74' lang='lat'>25</span> <span class='ocrx_word' id='word_1_125' title='bbox 1082 2129 1177 2200; x_wconf 72' lang='lat' dir='ltr'>spinn-</span> 
     </span>
     <span class='ocr_line' id='line_1_17' title="bbox 154 2211 1175 2286; baseline 0 -16"><span class='ocrx_word' id='word_1_126' title='bbox 154 2232 203 2270; x_wconf 81' lang='lat' dir='ltr'>ter.</span> <span class='ocrx_word' id='word_1_127' title='bbox 252 2215 399 2286; x_wconf 75' lang='lat' dir='ltr'>spirantes</span> <span class='ocrx_word' id='word_1_128' title='bbox 419 2214 538 2286; x_wconf 72' lang='lat' dir='ltr'>srIgore</span> <span class='ocrx_word' id='word_1_129' title='bbox 566 2222 646 2266; x_wconf 82' lang='lat' dir='ltr'>venti</span> <span class='ocrx_word' id='word_1_130' title='bbox 676 2216 762 2267; x_wconf 82' lang='lat' dir='ltr'>Lutat.</span> <span class='ocrx_word' id='word_1_131' title='bbox 786 2214 820 2266; x_wconf 85' lang='lat' dir='ltr'>ad</span> <span class='ocrx_word' id='word_1_132' title='bbox 844 2215 914 2269; x_wconf 80' lang='lat' dir='ltr'>Stat.</span> <span class='ocrx_word' id='word_1_133' title='bbox 941 2215 1037 2269; x_wconf 69' lang='lat' dir='ltr'>ssoh.</span> <span class='ocrx_word' id='word_1_134' title='bbox 1062 2216 1108 2278; x_wconf 80' lang='lat' dir='ltr'>lv,</span> <span class='ocrx_word' id='word_1_135' title='bbox 1129 2211 1175 2270; x_wconf 65' lang='lat' dir='ltr'>6ss</span> 
     </span>
    </p>

    <p class='ocr_par' dir='ltr' id='par_1_9' title="bbox 155 2298 755 2370">
     <span class='ocr_line' id='line_1_18' title="bbox 155 2298 755 2370; baseline -0.005 -15"><span class='ocrx_word' id='word_1_136' title='bbox 155 2301 264 2355; x_wconf 74' lang='lat' dir='ltr'>Chauri</span> <span class='ocrx_word' id='word_1_137' title='bbox 283 2298 397 2354; x_wconf 83' lang='lat' dir='ltr'>scribunt</span> <span class='ocrx_word' id='word_1_138' title='bbox 416 2299 470 2351; x_wconf 75' lang='lat' dir='ltr'>sero</span> <span class='ocrx_word' id='word_1_139' title='bbox 488 2315 515 2352; x_wconf 88' lang='lat' dir='ltr'>ot</span> <span class='ocrx_word' id='word_1_140' title='bbox 533 2299 591 2360; x_wconf 81' lang='lat' dir='ltr'>hic,</span> <span class='ocrx_word' id='word_1_141' title='bbox 623 2315 649 2354; x_wconf 81' lang='lat' dir='ltr'>rt</span> <span class='ocrx_word' id='word_1_142' title='bbox 661 2317 683 2351; x_wconf 88' lang='lat' dir='ltr'>r.</span> <span class='ocrx_word' id='word_1_143' title='bbox 698 2302 755 2370; x_wconf 77' lang='lat'>278.</span> 
     </span>
    </p>
   </div>
   <div class='ocr_carea' id='block_1_4' title="bbox 95 2468 1215 4295">
    <p class='ocr_par' dir='ltr' id='par_1_10' title="bbox 95 2468 1172 4189">
     <span class='ocr_line' id='line_1_19' title="bbox 110 2468 1172 2555; baseline -0.003 -22"><span class='ocrx_word' id='word_1_144' title='bbox 110 2479 116 2484; x_wconf 90' lang='grc'><strong>’</strong></span> <span class='ocrx_word' id='word_1_145' title='bbox 153 2469 228 2534; x_wconf 85' lang='lat' dir='ltr'>Ister</span> <span class='ocrx_word' id='word_1_146' title='bbox 268 2468 419 2530; x_wconf 79' lang='lat' dir='ltr'>turbidus</span> <span class='ocrx_word' id='word_1_147' title='bbox 456 2473 644 2555; x_wconf 88' lang='lat' dir='ltr'>torquendo,</span> <span class='ocrx_word' id='word_1_148' title='bbox 687 2475 754 2532; x_wconf 78' lang='lat' dir='ltr'>late</span> <span class='ocrx_word' id='word_1_149' title='bbox 801 2472 964 2552; x_wconf 79' lang='lat' dir='ltr'>informis</span> <span class='ocrx_word' id='word_1_150' title='bbox 1014 2471 1172 2554; x_wconf 73' lang='lat' dir='ltr'>aggeribus</span> 
     </span>
     <span class='ocr_line' id='line_1_20' title="bbox 154 2576 1170 2657; baseline 0.003 -23"><span class='ocrx_word' id='word_1_151' title='bbox 154 2576 228 2634; x_wconf 91' lang='lat' dir='ltr'>dum</span> <span class='ocrx_word' id='word_1_152' title='bbox 250 2588 383 2655; x_wconf 83' lang='lat' dir='ltr'>torquet.</span> <span class='ocrx_word' id='word_1_153' title='bbox 454 2577 526 2636; x_wconf 78' lang='lat'>551.</span> <span class='ocrx_word' id='word_1_154' title='bbox 558 2576 645 2634; x_wconf 84' lang='lat' dir='ltr'>redit</span> <span class='ocrx_word' id='word_1_155' title='bbox 685 2578 789 2634; x_wconf 82' lang='lat' dir='ltr'>niueis</span> <span class='ocrx_word' id='word_1_156' title='bbox 818 2590 851 2632; x_wconf 84' lang='lat' dir='ltr'>et</span> <span class='ocrx_word' id='word_1_157' title='bbox 877 2577 952 2634; x_wconf 84' lang='lat' dir='ltr'>alto</span> <span class='ocrx_word' id='word_1_158' title='bbox 983 2580 1081 2657; x_wconf 79' lang='lat' dir='ltr'>gelu,</span> <span class='ocrx_word' id='word_1_159' title='bbox 1109 2577 1170 2653; x_wconf 76' lang='lat' dir='ltr'>stp-</span> 
     </span>
     <span class='ocr_line' id='line_1_21' title="bbox 148 2673 1169 2760; baseline 0.006 -25"><span class='ocrx_word' id='word_1_160' title='bbox 148 2690 306 2760; x_wconf 82' lang='lat' dir='ltr'>porreota</span> <span class='ocrx_word' id='word_1_161' title='bbox 321 2673 494 2756; x_wconf 87' lang='lat' dir='ltr'>simpliciter</span> <span class='ocrx_word' id='word_1_162' title='bbox 511 2699 580 2756; x_wconf 83' lang='lat' dir='ltr'>pro,</span> <span class='ocrx_word' id='word_1_163' title='bbox 607 2682 641 2748; x_wconf 89' lang='lat' dir='ltr'>it,</span> <span class='ocrx_word' id='word_1_164' title='bbox 685 2693 815 2760; x_wconf 83' lang='lat' dir='ltr'>temque</span> <span class='ocrx_word' id='word_1_165' title='bbox 836 2679 873 2735; x_wconf 83' lang='lat' dir='ltr'>in</span> <span class='ocrx_word' id='word_1_166' title='bbox 898 2679 1003 2738; x_wconf 85' lang='lat' dir='ltr'>vlrtas</span> <span class='ocrx_word' id='word_1_167' title='bbox 1026 2679 1169 2756; x_wconf 70' lang='lat' dir='ltr'>adsurgit)</span> 
     </span>
     <span class='ocr_line' id='line_1_22' title="bbox 151 2775 1167 2864; baseline 0.001 -27"><span class='ocrx_word' id='word_1_168' title='bbox 151 2778 309 2860; x_wconf 87' lang='lat' dir='ltr'>procedit,</span> <span class='ocrx_word' id='word_1_169' title='bbox 338 2775 380 2837; x_wconf 89' lang='lat' dir='ltr'>est</span> <span class='ocrx_word' id='word_1_170' title='bbox 396 2793 547 2858; x_wconf 88' lang='lat' dir='ltr'>porrecta,</span> <span class='ocrx_word' id='word_1_171' title='bbox 580 2778 642 2837; x_wconf 92' lang='lat' dir='ltr'>dic·</span> <span class='ocrx_word' id='word_1_172' title='bbox 683 2780 742 2839; x_wconf 85' lang='lat' dir='ltr'>scii.</span> <span class='ocrx_word' id='word_1_173' title='bbox 769 2779 814 2838; x_wconf 90' lang='lat' dir='ltr'>his</span> <span class='ocrx_word' id='word_1_174' title='bbox 842 2777 913 2859; x_wconf 78' lang='lat' dir='ltr'>ipsis</span> <span class='ocrx_word' id='word_1_175' title='bbox 936 2783 1102 2864; x_wconf 82' lang='lat' dir='ltr'>aggeribus</span> <span class='ocrx_word' id='word_1_176' title='bbox 1122 2799 1167 2839; x_wconf 89' lang='lat' dir='ltr'>uo·</span> 
     </span>
     <span class='ocr_line' id='line_1_23' title="bbox 152 2880 1166 2967; baseline 0.002 -28"><span class='ocrx_word' id='word_1_177' title='bbox 152 2894 219 2939; x_wconf 89' lang='lat' dir='ltr'>tum</span> <span class='ocrx_word' id='word_1_178' title='bbox 235 2882 371 2959; x_wconf 81' lang='lat' dir='ltr'>accipies.</span> <span class='ocrx_word' id='word_1_179' title='bbox 410 2880 548 2961; x_wconf 84' lang='lat' dir='ltr'>Vulgaris</span> <span class='ocrx_word' id='word_1_180' title='bbox 565 2885 640 2940; x_wconf 82' lang='lat' dir='ltr'>ratio</span> <span class='ocrx_word' id='word_1_181' title='bbox 682 2885 725 2940; x_wconf 87' lang='lat' dir='ltr'>vis</span> <span class='ocrx_word' id='word_1_182' title='bbox 746 2897 778 2940; x_wconf 90' lang='lat' dir='ltr'>et</span> <span class='ocrx_word' id='word_1_183' title='bbox 799 2881 860 2939; x_wconf 91' lang='lat' dir='ltr'>alto</span> <span class='ocrx_word' id='word_1_184' title='bbox 891 2884 968 2963; x_wconf 80' lang='lat' dir='ltr'>gelu</span> <span class='ocrx_word' id='word_1_185' title='bbox 998 2885 1050 2943; x_wconf 87' lang='lat' dir='ltr'>seu</span> <span class='ocrx_word' id='word_1_186' title='bbox 1078 2885 1166 2967; x_wconf 74' lang='lat' dir='ltr'>glacie·</span> 
     </span>
     <span class='ocr_line' id='line_1_24' title="bbox 151 2979 1167 3068; baseline 0.001 -26"><span class='ocrx_word' id='word_1_187' title='bbox 151 2998 235 3054; x_wconf 83' lang='lat' dir='ltr'>erat,</span> <span class='ocrx_word' id='word_1_188' title='bbox 261 2985 365 3047; x_wconf 79' lang='lat' dir='ltr'>iacet:</span> <span class='ocrx_word' id='word_1_189' title='bbox 392 2979 443 3041; x_wconf 90' lang='lat' dir='ltr'>sed</span> <span class='ocrx_word' id='word_1_190' title='bbox 463 2998 511 3053; x_wconf 84' lang='lat' dir='ltr'>vt,</span> <span class='ocrx_word' id='word_1_191' title='bbox 530 2981 641 3060; x_wconf 74' lang='lat' dir='ltr'>flectit</span> <span class='ocrx_word' id='word_1_192' title='bbox 682 2986 805 3044; x_wconf 87' lang='lat' dir='ltr'>Poetica</span> <span class='ocrx_word' id='word_1_193' title='bbox 819 2987 944 3045; x_wconf 87' lang='lat' dir='ltr'>ratione</span> <span class='ocrx_word' id='word_1_194' title='bbox 961 2988 1081 3060; x_wconf 83' lang='lat' dir='ltr'>extulit,</span> <span class='ocrx_word' id='word_1_195' title='bbox 1098 2980 1167 3068; x_wconf 83' lang='lat' dir='ltr'>quod</span> 
     </span>
     <span class='ocr_line' id='line_1_25' title="bbox 142 3082 1167 3170; baseline 0.002 -28"><span class='ocrx_word' id='word_1_196' title='bbox 142 3082 196 3162; x_wconf 83' lang='lat' dir='ltr'>se,</span> <span class='ocrx_word' id='word_1_197' title='bbox 219 3085 257 3143; x_wconf 90' lang='lat' dir='ltr'>de</span> <span class='ocrx_word' id='word_1_198' title='bbox 272 3082 426 3143; x_wconf 88' lang='lat' dir='ltr'>montibus</span> <span class='ocrx_word' id='word_1_199' title='bbox 443 3083 579 3157; x_wconf 84' lang='lat' dir='ltr'>dicimus,</span> <span class='ocrx_word' id='word_1_200' title='bbox 602 3083 640 3145; x_wconf 88' lang='lat' dir='ltr'>src</span> <span class='ocrx_word' id='word_1_201' title='bbox 682 3090 936 3148; x_wconf 83' lang='lat' dir='ltr'>communierat:</span> <span class='ocrx_word' id='word_1_202' title='bbox 960 3091 1036 3157; x_wconf 70' lang='lat' dir='ltr'>nic,</span> <span class='ocrx_word' id='word_1_203' title='bbox 1054 3108 1110 3170; x_wconf 78' lang='lat' dir='ltr'>qua</span> <span class='ocrx_word' id='word_1_204' title='bbox 1123 3084 1167 3145; x_wconf 86' lang='lat' dir='ltr'>ob·</span> 
     </span>
     <span class='ocr_line' id='line_1_26' title="bbox 152 3183 1166 3267; baseline 0.002 -23"><span class='ocrx_word' id='word_1_205' title='bbox 152 3184 240 3244; x_wconf 85' lang='lat' dir='ltr'>redit</span> <span class='ocrx_word' id='word_1_206' title='bbox 263 3206 321 3264; x_wconf 89' lang='lat' dir='ltr'>pro</span> <span class='ocrx_word' id='word_1_207' title='bbox 346 3183 406 3243; x_wconf 90' lang='lat' dir='ltr'>hoc</span> <span class='ocrx_word' id='word_1_208' title='bbox 432 3185 496 3264; x_wconf 90' lang='lat' dir='ltr'>ipso</span> <span class='ocrx_word' id='word_1_209' title='bbox 522 3208 640 3266; x_wconf 88' lang='lat' dir='ltr'>ponere</span> <span class='ocrx_word' id='word_1_210' title='bbox 682 3188 772 3247; x_wconf 90' lang='lat' dir='ltr'>ducta</span> <span class='ocrx_word' id='word_1_211' title='bbox 788 3185 830 3247; x_wconf 84' lang='lat' dir='ltr'>est</span> <span class='ocrx_word' id='word_1_212' title='bbox 846 3203 944 3262; x_wconf 84' lang='lat' dir='ltr'>terra,</span> <span class='ocrx_word' id='word_1_213' title='bbox 974 3189 1166 3267; x_wconf 67' lang='lat' dir='ltr'>aedsttrgt&#39;tt&#39;o</span> 
     </span>
     <span class='ocr_line' id='line_1_27' title="bbox 149 3287 1165 3370; baseline -0.001 -23"><span class='ocrx_word' id='word_1_214' title='bbox 149 3289 261 3368; x_wconf 87' lang='lat' dir='ltr'>potuit.</span> <span class='ocrx_word' id='word_1_215' title='bbox 335 3287 479 3347; x_wconf 89' lang='lat' dir='ltr'>Similiter</span> <span class='ocrx_word' id='word_1_216' title='bbox 517 3294 641 3367; x_wconf 75' lang='lat' dir='ltr'>vergit,</span> <span class='ocrx_word' id='word_1_217' title='bbox 671 3290 802 3370; x_wconf 79' lang='lat' dir='ltr'>septem</span> <span class='ocrx_word' id='word_1_218' title='bbox 823 3291 930 3350; x_wconf 70' lang='lat' dir='ltr'>vlam.</span> <span class='ocrx_word' id='word_1_219' title='bbox 990 3296 1065 3357; x_wconf 78' lang='lat'><strong>356.</strong></span> <span class='ocrx_word' id='word_1_220' title='bbox 1095 3293 1165 3351; x_wconf 76' lang='lat' dir='ltr'>Seut-</span> 
     </span>
     <span class='ocr_line' id='line_1_28' title="bbox 151 3386 1165 3477; baseline 0.008 -30"><span class='ocrx_word' id='word_1_221' title='bbox 151 3386 258 3447; x_wconf 80' lang='lat' dir='ltr'>tendit</span> <span class='ocrx_word' id='word_1_222' title='bbox 264 3427 275 3454; x_wconf 90' lang='lat'><em>,</em></span> <span class='ocrx_word' id='word_1_223' title='bbox 296 3408 385 3447; x_wconf 84' lang='lat' dir='ltr'>mons</span> <span class='ocrx_word' id='word_1_224' title='bbox 400 3390 438 3448; x_wconf 82' lang='lat' dir='ltr'>ad</span> <span class='ocrx_word' id='word_1_225' title='bbox 452 3388 641 3470; x_wconf 91' lang='lat' dir='ltr'>septemtrio·</span> <span class='ocrx_word' id='word_1_226' title='bbox 676 3413 738 3473; x_wconf 81' lang='lat' dir='ltr'>per</span> <span class='ocrx_word' id='word_1_227' title='bbox 753 3393 854 3450; x_wconf 72' lang='lat' dir='ltr'>hiems</span> <span class='ocrx_word' id='word_1_228' title='bbox 869 3409 902 3452; x_wconf 81' lang='lat' dir='ltr'>et</span> <span class='ocrx_word' id='word_1_229' title='bbox 918 3395 1073 3455; x_wconf 71' lang='lat' dir='ltr'>Coretus:</span> <span class='ocrx_word' id='word_1_230' title='bbox 1088 3411 1165 3477; x_wconf 71' lang='lat' dir='ltr'>quen</span> 
     </span>
     <span class='ocr_line' id='line_1_29' title="bbox 148 3486 1162 3574; baseline 0.006 -25"><span class='ocrx_word' id='word_1_231' title='bbox 148 3507 231 3549; x_wconf 83' lang='lat' dir='ltr'>nem.</span> <span class='ocrx_word' id='word_1_232' title='bbox 271 3486 338 3564; x_wconf 85' lang='lat' dir='ltr'>sub</span> <span class='ocrx_word' id='word_1_233' title='bbox 363 3511 477 3558; x_wconf 75' lang='lat' dir='ltr'>axem,</span> <span class='ocrx_word' id='word_1_234' title='bbox 521 3495 639 3572; x_wconf 86' lang='lat' dir='ltr'>polum,</span> <span class='ocrx_word' id='word_1_235' title='bbox 682 3496 785 3574; x_wconf 88' lang='lat' dir='ltr'>paullo</span> <span class='ocrx_word' id='word_1_236' title='bbox 809 3511 879 3553; x_wconf 85' lang='lat' dir='ltr'>ante</span> <span class='ocrx_word' id='word_1_237' title='bbox 904 3497 1042 3558; x_wconf 86' lang='lat' dir='ltr'>vidimus</span> <span class='ocrx_word' id='word_1_238' title='bbox 1063 3495 1162 3574; x_wconf 72' lang='lat' dir='ltr'>vsaJd</span> 
     </span>
     <span class='ocr_line' id='line_1_30' title="bbox 112 3589 1164 3679; baseline 0.004 -27"><span class='ocrx_word' id='word_1_239' title='bbox 112 3604 113 3607; x_wconf 76' lang='grc'>’</span> <span class='ocrx_word' id='word_1_240' title='bbox 147 3610 216 3652; x_wconf 86' lang='lat' dir='ltr'>non</span> <span class='ocrx_word' id='word_1_241' title='bbox 230 3589 434 3672; x_wconf 83' lang='lat' dir='ltr'>geographica</span> <span class='ocrx_word' id='word_1_242' title='bbox 449 3600 568 3655; x_wconf 83' lang='lat' dir='ltr'>ratione</span> <span class='ocrx_word' id='word_1_243' title='bbox 583 3618 640 3676; x_wconf 92' lang='lat' dir='ltr'>po·</span> <span class='ocrx_word' id='word_1_244' title='bbox 682 3612 713 3655; x_wconf 89' lang='lat' dir='ltr'>et</span> <span class='ocrx_word' id='word_1_245' title='bbox 728 3618 806 3678; x_wconf 79' lang='lat' dir='ltr'>quae</span> <span class='ocrx_word' id='word_1_246' title='bbox 820 3597 1005 3679; x_wconf 85' lang='lat' dir='ltr'>sequuntur,</span> <span class='ocrx_word' id='word_1_247' title='bbox 1029 3601 1067 3660; x_wconf 87' lang='lat' dir='ltr'>de</span> <span class='ocrx_word' id='word_1_248' title='bbox 1080 3617 1164 3659; x_wconf 88' lang='lat' dir='ltr'>remo·</span> 
     </span>
     <span class='ocr_line' id='line_1_31' title="bbox 147 3695 1164 3783; baseline 0.004 -29"><span class='ocrx_word' id='word_1_249' title='bbox 147 3697 199 3765; x_wconf 85' lang='lat' dir='ltr'>ni,</span> <span class='ocrx_word' id='word_1_250' title='bbox 226 3708 310 3772; x_wconf 83' lang='lat' dir='ltr'>patet</span> <span class='ocrx_word' id='word_1_251' title='bbox 330 3715 386 3773; x_wconf 94' lang='lat' dir='ltr'>per</span> <span class='ocrx_word' id='word_1_252' title='bbox 405 3695 443 3755; x_wconf 88' lang='lat' dir='ltr'>se.</span> <span class='ocrx_word' id='word_1_253' title='bbox 495 3697 639 3757; x_wconf 84' lang='lat' dir='ltr'>Ceterum</span> <span class='ocrx_word' id='word_1_254' title='bbox 682 3699 808 3759; x_wconf 80' lang='lat' dir='ltr'>tloribus</span> <span class='ocrx_word' id='word_1_255' title='bbox 849 3701 950 3760; x_wconf 84' lang='lat' dir='ltr'>versus</span> <span class='ocrx_word' id='word_1_256' title='bbox 991 3703 1164 3783; x_wconf 83' lang='lat' dir='ltr'>septemtrio·</span> 
     </span>
     <span class='ocr_line' id='line_1_32' title="bbox 95 3794 1163 3883; baseline 0.007 -30"><span class='ocrx_word' id='word_1_257' title='bbox 95 3808 98 3814; x_wconf 85' lang='lat'>&#39;</span> <span class='ocrx_word' id='word_1_258' title='bbox 145 3809 240 3876; x_wconf 82' lang='lat' dir='ltr'>poeta</span> <span class='ocrx_word' id='word_1_259' title='bbox 272 3794 358 3855; x_wconf 82' lang='lat' dir='ltr'>latius</span> <span class='ocrx_word' id='word_1_260' title='bbox 391 3796 639 3877; x_wconf 87' lang='lat' dir='ltr'>septemtrionem</span> <span class='ocrx_word' id='word_1_261' title='bbox 681 3823 752 3860; x_wconf 88' lang='lat' dir='ltr'>nem</span> <span class='ocrx_word' id='word_1_262' title='bbox 775 3803 887 3883; x_wconf 81' lang='lat' dir='ltr'>plagis,</span> <span class='ocrx_word' id='word_1_263' title='bbox 912 3801 967 3862; x_wconf 86' lang='lat' dir='ltr'>etsi</span> <span class='ocrx_word' id='word_1_264' title='bbox 991 3806 1030 3863; x_wconf 84' lang='lat' dir='ltr'>ad</span> <span class='ocrx_word' id='word_1_265' title='bbox 1051 3809 1163 3863; x_wconf 81' lang='lat' dir='ltr'>miracu·</span> 
     </span>
     <span class='ocr_line' id='line_1_33' title="bbox 148 3898 1162 3983; baseline 0.004 -26"><span class='ocrx_word' id='word_1_266' title='bbox 148 3898 281 3958; x_wconf 79' lang='lat' dir='ltr'>declarat</span> <span class='ocrx_word' id='word_1_267' title='bbox 294 3919 351 3977; x_wconf 90' lang='lat' dir='ltr'>per</span> <span class='ocrx_word' id='word_1_268' title='bbox 365 3898 537 3974; x_wconf 79' lang='lat' dir='ltr'>Thraciam,</span> <span class='ocrx_word' id='word_1_269' title='bbox 559 3925 637 3983; x_wconf 78' lang='lat' dir='ltr'>quae</span> <span class='ocrx_word' id='word_1_270' title='bbox 678 3904 742 3963; x_wconf 89' lang='lat' dir='ltr'>lum</span> <span class='ocrx_word' id='word_1_271' title='bbox 766 3919 868 3975; x_wconf 80' lang='lat' dir='ltr'>aucta,</span> <span class='ocrx_word' id='word_1_272' title='bbox 901 3926 974 3963; x_wconf 83' lang='lat' dir='ltr'>vora</span> <span class='ocrx_word' id='word_1_273' title='bbox 999 3907 1083 3977; x_wconf 89' lang='lat' dir='ltr'>suut,</span> <span class='ocrx_word' id='word_1_274' title='bbox 1108 3920 1162 3964; x_wconf 76' lang='lat' dir='ltr'>uon</span> 
     </span>
     <span class='ocr_line' id='line_1_34' title="bbox 147 4000 1162 4088; baseline 0.007 -29"><span class='ocrx_word' id='word_1_275' title='bbox 147 4000 311 4059; x_wconf 86' lang='lat' dir='ltr'>ameridie</span> <span class='ocrx_word' id='word_1_276' title='bbox 333 4003 396 4058; x_wconf 89' lang='lat' dir='ltr'>eius</span> <span class='ocrx_word' id='word_1_277' title='bbox 424 4000 499 4063; x_wconf 77' lang='lat' dir='ltr'>fines</span> <span class='ocrx_word' id='word_1_278' title='bbox 529 4007 637 4068; x_wconf 75' lang='lat' dir='ltr'>consti-</span> <span class='ocrx_word' id='word_1_279' title='bbox 680 4007 718 4066; x_wconf 91' lang='lat' dir='ltr'>de</span> <span class='ocrx_word' id='word_1_280' title='bbox 733 4011 778 4079; x_wconf 83' lang='lat' dir='ltr'>iis,</span> <span class='ocrx_word' id='word_1_281' title='bbox 796 4028 870 4088; x_wconf 81' lang='lat' dir='ltr'>quas</span> <span class='ocrx_word' id='word_1_282' title='bbox 886 4005 938 4065; x_wconf 86' lang='lat' dir='ltr'>vss.</span> <span class='ocrx_word' id='word_1_283' title='bbox 955 4011 1162 4087; x_wconf 67' lang='grc' dir='ltr'><strong>349.ὄόοῳ</strong></span> 
     </span>
     <span class='ocr_line' id='line_1_35' title="bbox 146 4101 1161 4189; baseline 0.003 -27"><span class='ocrx_word' id='word_1_284' title='bbox 146 4118 232 4162; x_wconf 85' lang='lat' dir='ltr'>tuere</span> <span class='ocrx_word' id='word_1_285' title='bbox 251 4101 347 4162; x_wconf 90' lang='lat' dir='ltr'>videri</span> <span class='ocrx_word' id='word_1_286' title='bbox 367 4101 474 4181; x_wconf 79' lang='lat' dir='ltr'>potest</span> <span class='ocrx_word' id='word_1_287' title='bbox 677 4109 784 4168; x_wconf 83' lang='lat' dir='ltr'>suerat.</span> <span class='ocrx_word' id='word_1_288' title='bbox 827 4109 887 4169; x_wconf 85' lang='lat' dir='ltr'>Sed</span> <span class='ocrx_word' id='word_1_289' title='bbox 900 4126 1017 4189; x_wconf 82' lang='lat' dir='ltr'>poetae</span> <span class='ocrx_word' id='word_1_290' title='bbox 1033 4109 1105 4169; x_wconf 84' lang='lat' dir='ltr'>haec</span> <span class='ocrx_word' id='word_1_291' title='bbox 1119 4105 1161 4165; x_wconf 86' lang='lat' dir='ltr'>ad·</span> 
     </span>
    </p>

    <p class='ocr_par' dir='ltr' id='par_1_11' title="bbox 210 4201 1215 4295">
     <span class='ocr_line' id='line_1_36' title="bbox 210 4201 1215 4295; baseline 0.009 -29"><span class='ocrx_word' id='word_1_292' title='bbox 210 4207 283 4282; x_wconf 72' lang='lat'>554.</span> <span class='ocrx_word' id='word_1_293' title='bbox 327 4201 393 4264; x_wconf 80' lang='lat' dir='ltr'>Sed</span> <span class='ocrx_word' id='word_1_294' title='bbox 416 4208 505 4268; x_wconf 80' lang='lat' dir='ltr'>iacet</span> <span class='ocrx_word' id='word_1_295' title='bbox 534 4223 636 4282; x_wconf 77' lang='lat' dir='ltr'>terra,</span> <span class='ocrx_word' id='word_1_296' title='bbox 676 4227 857 4287; x_wconf 84' lang='lat' dir='ltr'>numerant,</span> <span class='ocrx_word' id='word_1_297' title='bbox 885 4233 954 4273; x_wconf 91' lang='lat' dir='ltr'>non</span> <span class='ocrx_word' id='word_1_298' title='bbox 972 4213 1157 4295; x_wconf 75' lang='lat' dir='ltr'>appendunt</span> <span class='ocrx_word' id='word_1_299' title='bbox 1213 4203 1215 4209; x_wconf 42' lang='lat'>¹</span> 
     </span>
    </p>
   </div>
   <div class='ocr_carea' id='block_1_5' title="bbox 0 0 1354 4906">
    <p class='ocr_par' dir='ltr' id='par_1_12' title="bbox 0 0 1354 4906">
     <span class='ocr_line' id='line_1_37' title="bbox 0 0 1354 4906; baseline 0 1"><span class='ocrx_word' id='word_1_300' title='bbox 0 0 1354 4906; x_wconf 95' lang='lat' dir='ltr'> </span> 
     </span>
    </p>
   </div>
  </div>
 </body>
</html>
