2692 4914
223 72 311 127 ’ἢ

240 345 537 426 uncotrot
561 348 678 475 act.
700 314 945 438 vuae-ssot
1006 411 1008 414 ,
1036 345 1105 422 155

58 541 172 612 Tum
196 533 518 609 Phaethontiadas
537 532 662 612 musco
683 532 889 610 circumdat
908 557 1055 611 amarae

58 675 257 757 Cortieis,
288 686 401 769 atque
423 667 500 742 solo
518 694 694 768 proceras
723 672 829 769 erigit
849 666 966 741 alnos.

55 809 172 879 Tum
193 808 314 895 canit,
338 821 524 878 errantem
539 800 713 877 Permein
728 802 777 878 ad
790 801 944 876 flumina
959 802 1106 895 Gallum

53 1031 83 1066 e.
96 1010 146 1076 64.
188 1010 230 1060 Ιο.
247 1003 421 1059 Schraderum
436 1005 512 1059 video
530 1022 563 1058 eo
578 1000 724 1065 deuenisse,
751 1018 777 1056 vt
790 1021 813 1056 v.
829 1001 861 1056 61
880 1000 1020 1056 retraheret
1034 1001 1108 1077 supra

54 1112 124 1148 mre
140 1112 170 1145 r.
186 1095 222 1158 64
256 1093 295 1145 Et
307 1090 500 1163 fortunatam.
595 1091 628 1145 62
646 1089 718 1143 Male
737 1089 961 1142 Phaetontiadee
986 1089 1106 1161 scriptum

51 1187 83 1233 in
105 1179 157 1232 ed.
184 1179 277 1232 Burm-
301 1193 328 1232 ot
347 1176 397 1238 al.;
432 1175 468 1231 est
489 1175 559 1226 enirn
581 1178 687 1231 diesim
708 1173 763 1227 Sol.
786 1176 955 1232 Φαεθοντιάε.
991 1196 1107 1231 antam

50 1271 199 1318 torticia.
232 1276 309 1316 notat
323 1261 429 1316 Seruiue
450 1276 556 1331 propter
576 1278 673 1331 genum
704 1279 764 1313 cum
787 1260 849 1314 alibi
866 1276 893 1315 rt
904 1263 970 1315 Aen.
984 1262 1041 1322 Vll,
1056 1272 1105 1332 742

47 1351 90 1405 fit
111 1347 309 1401 masmliuum.
384 1345 417 1400 63
436 1363 510 1416 aque
526 1345 597 1415 solo
617 1345 731 1399 Gudiau.
753 1364 768 1398 a
788 1366 823 1399 m.
844 1366 899 1418 pn,
940 1347 976 1400 ita
996 1351 1108 1401 variatur

49 1437 131 1497 sem
162 1433 315 1487 hictamen
332 1449 390 1485 non
409 1429 493 1491 male;
521 1429 567 1483 etfi
581 1450 599 1482 a
612 1450 659 1503 per
676 1430 701 1483 se
719 1430 859 1503 suppletur.
927 1433 961 1500 64
974 1434 1043 1486 Tam
1059 1435 1108 1487 im·

50 1536 189 1593 permut
207 1516 248 1571 est
263 1515 336 1570 Galli
355 1517 572 1570 commemoratio
596 1517 623 1568 in
644 1514 735 1570 mediis
750 1515 859 1577 sabulis,
880 1535 941 1570 cum
961 1536 1022 1572 mox
1035 1537 1057 1570 v.
1074 1525 1108 1588 74

53 1606 96 1659 ad
118 1605 193 1656 aliu
211 1601 313 1655 fabulet
337 1601 371 1654 de
394 1601 479 1672 Scylla
498 1616 525 1654 et
545 1600 690 1654 Philomela
708 1599 844 1671 procedat,
863 1616 889 1654 vt
904 1600 1003 1670 semper
1024 1604 1107 1659 mola·

53 1691 136 1748 stum
155 1686 264 1744 [mlum
281 1690 310 1742 iu
330 1686 371 1740 hia
392 1685 464 1742 veuls.
484 1686 628 1739 habuerim.
664 1684 754 1739 Fecisse
772 1701 860 1739 tamen
879 1685 981 1739 medela
1001 1687 1053 1752 est,
1087 1687 1108 1742 st

55 1891 126 1954 pto
149 1869 275 1935 meiat
300 1862 401 1947 potest
422 1867 515 1924 etiarn
531 1861 576 1924 se-
617 1862 774 1948 contigisse
792 1867 926 1924 carmine
941 1862 995 1922 suo
1016 1882 1109 1943 expo·

60 1987 191 2054 qnutua
206 1963 268 2028 elle
283 1983 418 2028 veterent
436 1981 574 2048 poetam,
617 1972 680 2028 nit:
708 1971 811 2026 vtiam
826 1965 916 2027 advs.
930 1969 982 2043 46.
1020 1965 1109 2026 Ceto.

59 2078 124 2156 qni
143 2089 225 2131 vere
247 2090 284 2130 ex
299 2068 501 2150 Hesperidum
518 2087 577 2149 po·
617 2092 686 2132 rum
699 2068 897 2130 Phaethontis
910 2067 1026 2130 sorores
1042 2088 1110 2128 mu·

59 2178 126 2237 mie
156 2167 253 2232 suilla
282 2172 334 2232 illa
370 2172 576 2253 Hippomenit
618 2187 694 2232 tatae
716 2168 775 2232 esse
800 2175 834 2232 in
861 2171 996 2238 larioes,
1026 2189 1110 2230 com·

1167 200 1228 315 a*
1297 292 1307 302 .

60 2294 175 2359 poma
193 2293 286 2334 aurea
309 2277 391 2333 inter
418 2271 577 2333 decursum
617 2278 740 2336 munior
756 2271 861 2334 sabula
879 2273 954 2346 fert,
975 2273 1111 2353 populor
1224 2328 1228 2335 .

58 2382 220 2461 proiecta
231 2389 283 2434 aut
296 2373 425 2434 finxerat
438 2389 493 2435 aut
512 2394 577 2434 cre·
617 2373 720 2438 noster
733 2375 796 2457 ipse
813 2370 961 2435 substituit
975 2375 1052 2436 Aen.
1067 2374 1110 2446 X,

64 2481 211 2542 diderat.
242 2476 328 2536 ldem
342 2475 434 2536 tradit
442 2476 525 2550 'alter
539 2495 578 2534 ex
622 2498 691 2558 190,
708 2477 761 2539 vbi
775 2499 803 2538 v.
818 2478 891 2540 Not.
931 2477 1036 2536 Piceas
1058 2495 1112 2557 ap·

64 2583 286 2667 grammaticis
309 2578 348 2637 ad
370 2576 501 2638 Theocr.
521 2576 576 2650 111,
618 2580 711 2660 pellat
723 2585 801 2641 circa
814 2580 934 2641 sontem
942 2576 1019 2639 Padi
1031 2574 1110 2651 sitae,
1187 2576 1194 2595 ‘

64 2695 133 2761 4ο,
181 2697 214 2741 et
247 2681 409 2740 Maronem
441 2678 577 2760 sequitur
617 2681 716 2742 Pedes
731 2683 826 2742 Gallis
842 2681 946 2751 dictas,
970 2678 1111 2752 Psimlls,

67 2800 191 2845 auctor
209 2781 336 2862 Elegiae
358 2781 397 2841 ad
418 2776 577 2841 Messalam
623 2786 661 2846 16
684 2782 705 2843 s.
729 2804 768 2842 20
790 2780 1016 2842 eMetrodoro.
1042 2768 1112 2841 ‘De

66 2893 106 2948 iu
129 2883 237 2944 Catal.
266 2903 295 2941 v.
317 2887 365 2945 25.
416 2882 577 2962 Vulgatius
620 2886 745 2955 electro,
761 2881 847 2964 quod
859 2881 999 2941 exsudare
1012 2880 1111 2942 dictae

68 2985 137 3061 est,
177 3005 196 3043 a
214 2985 337 3043 Venere
358 2979 443 3042 suisle
466 3003 578 3063 appor-
620 2987 698 3059 sunt,
716 2984 817 3043 multia
834 2982 932 3041 modia
947 2978 1036 3041 statui
1054 3003 1112 3062 po·

70 3107 141 3149 tata
155 3087 213 3146 illa
236 3104 343 3165 poma:
368 3105 395 3143 v.
419 3082 519 3143 Schol.
540 3084 579 3144 ad
621 3085 692 3148 tesl:
714 3084 798 3167 quod
811 3082 879 3143 satit
894 3079 1025 3155 constet,
1045 3102 1113 3146 nott
1139 3144 1144 3149 .

70 3213 102 3252 e.
119 3191 142 3250 l.
164 3188 281 3269 Hygim
302 3185 323 3244 s.
350 3186 417 3249 185.
459 3184 527 3244 Alia
540 3183 580 3246 ad
622 3186 777 3248 habemus.

74 3290 233 3374 Apollod
248 3289 321 3348 Not.
341 3308 410 3368 pag·
425 3287 496 3365 673·
683 3309 723 3381 64
737 3334 780 3351 ·-
795 3306 845 3384 73.
880 3302 1039 3363 Intertexit
1066 3300 1113 3365 hia

132 3413 192 3473 62·
229 3407 280 3468 63.
312 3405 420 3482 musco
446 3406 581 3463 circum·
621 3404 731 3490 mythis
747 3406 869 3466 Gallum
890 3406 976 3465 suum
991 3405 1030 3465 ad
1043 3409 1115 3467 Mu·

75 3513 161 3583 dat,
196 3507 227 3567 h.
251 3511 349 3579 canit,
384 3505 583 3587 quemadmo·
621 3511 720 3570 sarum
741 3507 872 3567 chorum
894 3508 1061 3568 deductum
1081 3525 1115 3570 et

79 3616 160 3673 dum
212 3607 412 3669 Phaethontis
465 3606 581 3667 sorores
623 3633 641 3670 a
663 3612 743 3670 Lino
766 3605 862 3669 sislula
882 3607 1033 3671 Hesiodea
1060 3609 1116 3689 do·

79 3711 225 3775 muscoso
247 3713 360 3770 cortice
380 3708 582 3769 circumdatae
622 3728 746 3773 natum:
786 3731 828 3773 an
850 3712 921 3773 loco
942 3710 1011 3771 satia
1031 3732 1116 3773 com·

82 3835 115 3878 et
137 3821 177 3874 in
196 3813 283 3873 alnos
305 3825 435 3871 mutatae
459 3812 581 3871 suerint.
623 3815 735 3887 modo,
764 3830 848 3875 recte
871 3813 1009 3874 dubitem
1041 3813 1116 3874 dum

84 3920 208 3978 Dicunt
222 3918 306 3974 enim
323 3928 435 3993 poetae
450 3912 583 3992 caſseri,
625 3913 832 3999 antiquisslmia
857 3915 948 3976 rebus
969 3915 1116 3976 immisce·

85 4019 281 4104 quaefacta
291 4034 415 4075 narrare
426 4013 585 4084 volebant;
625 4032 693 4076 atur
723 4015 818 4079 homo
851 4022 919 4078 aeui
945 4001 1114 4096 virgiliani.

85 4138 120 4183 et
148 4119 297 4179 tribuitur
324 4131 436 4196 poetae
464 4136 500 4175 ac
524 4121 585 4176 vati
625 4121 685 4181 Per
710 4119 740 4181 se
769 4120 894 4204 quidem
924 4117 1116 4198 praeclarum

88 4241 253 4306 tamquam
275 4223 393 4282 auctori
416 4217 465 4294 id,
501 4220 586 4301 quod
627 4220 670 4285 all
702 4239 815 4306 poetae
841 4233 1049 4282 commentum
1077 4219 1116 4281 ad
