2700 4906
319 325 396 401 DE
433 327 700 404 CARMINE
729 329 1020 407 BVCOLICO
1152 357 1195 424 13

167 519 351 595 demtos,
387 538 484 584 cum
503 511 682 613 ‘Virgilii
712 531 751 586 et
780 515 978 589 Theocriti
1012 521 1196 591 earmina

165 665 247 718 tam
275 637 420 736 diuersi
445 644 602 740 generis
613 638 716 735 sint,
756 657 844 713 tam
874 643 1030 739 diuersis
1058 647 1194 718 docto·

164 799 248 847 rum
286 770 497 840 hominum
535 769 587 839 de
617 768 730 840 liuius
766 775 921 871 generis
963 787 1112 843 natura
1153 776 1197 856 et'

162 919 245 975 arte
275 898 436 992 iudiciis
465 895 601 966 locum
620 894 746 991 fecit,·
785 923 877 969 cum
904 915 977 970 aut
1001 915 1192 970 naturam

163 1026 333 1099 bucolici
360 1027 549 1099 carminis
574 1049 623 1094 erc
649 1022 728 1094 illis
749 1025 936 1125 exemplis
961 1004 1192 1122 constituero

161 1173 226 1229 aut
253 1154 315 1224 ad
342 1154 549 1229 notionem
576 1176 598 1221 e
624 1167 772 1224 natura
795 1157 855 1230 rei
882 1149 1103 1248 institutam
1131 1179 1191 1225 re·

160 1307 305 1357 vocare
330 1279 407 1349 illa
432 1277 616 1376 exempla
642 1278 800 1356 vellent.
858 1280 1014 1354 Scilicet
1045 1285 1108 1354 vti
1137 1306 1200 1366 en¹

161 1416 263 1486 notio
294 1424 405 1479 recte
438 1432 505 1486 eo,
539 1430 659 1504 *quem
682 1404 843 1506 sequuti
865 1405 1027 1504 snmus,
1063 1409 1186 1481 modo

159 1537 370 1636 informari
388 1535 522 1605 uideri
541 1527 681 1630 potest,
717 1537 777 1604 ita
803 1534 1095 1634 ingeniosorum
1116 1537 1186 1608 110.

158 1673 306 1740 minum
333 1659 544 1757 sollertia,
587 1685 693 1758 quae
720 1664 828 1730 intra
859 1667 956 1733 artis
984 1690 1035 1736 ac
1068 1691 1186 1765 prae-

157 1814 357 1896 ceptorum
389 1782 594 1886 angustias
623 1791 697 1858 vix
731 1791 902 1858 coerceri
926 1787 1073 1885 potest,
1115 1791 1187 1867 alia

156 1947 285 2025 genera
313 1918 489 1993 inuenit,
523 1938 628 2012 quae
655 1939 746 1984 cum
773 1914 845 1985 illo
874 1919 1086 1987 coniuncta
1113 1939 1188 1987 nec

153 2070 283 2123 tamen
300 2044 429 2146 plane
454 2041 628 2112 eiusdem
648 2044 761 2112 modi
775 2041 885 2137 sunt.
936 2044 992 2118 Et
1013 2039 1186 2139 Virgilius

153 2178 330 2278 quidem,
365 2193 467 2240 nam
491 2167 679 2239 adhunc
699 2174 824 2243 omnis
847 2163 982 2266 nostra
1001 2167 1187 2268 spectare
1274 2260 1280 2269 .

153 2303 261 2377 debet
280 2299 536 2396 disputatio,
581 2293 726 2369 notium
758 2324 874 2397 genus
911 2294 1108 2395 constituit
1142 2298 1186 2367 in

152 2456 205 2507 eo,
228 2445 270 2500 vt
294 2440 490 2496 nontam
511 2427 696 2499 notiones
728 2442 767 2496 et
792 2427 942 2527 species
976 2448 1109 2498 rerum
1133 2446 1185 2492 en

152 2580 271 2627 aurea
293 2567 434 2623 aetate
452 2567 655 2649 repeteret,
675 2550 755 2649 sed
775 2553 888 2653 ipsam
913 2575 1062 2624 auream
1085 2565 1185 2620 aeta·

152 2701 219 2756 tem
246 2676 561 2779 repraesentaret,
599 2679 794 2761 homines,
834 2683 927 2752 deos
960 2695 999 2749 et
1033 2676 1180 2752 heroes,

149 2815 274 2908 quiin
302 2832 357 2879 ea
380 2800 589 2902 vixiffents
627 2806 842 2884 exlriberet,
882 2811 1007 2904 iisque
1023 2802 1182 2900 senten-

148 2943 217 3010 tias
247 2961 302 3009 ac
335 2957 465 3004 mores
495 2958 687 3032 congruos
718 2931 915 3007 tribueret.
981 2930 1033 3001 Id
1059 2951 1181 3028 genus

147 3070 326 3138 inuenire
351 3059 451 3131 milri
470 3060 624 3138 uideor,
636 3056 676 3153 si
697 3059 882 3138 Silenum,
906 3055 1088 3154 eclogam
1106 3052 1179 3132 VJ,

146 3213 179 3266 et
204 3191 461 3266 Pollionem,
499 3185 680 3287 eclogam
700 3186 785 3266 JV,
819 3184 994 3283 inspicio.
1046 3181 1101 3254 Et
1128 3180 1179 3251 de

146 3322 209 3393 illo
233 3319 404 3419 quidem
427 3339 487 3385 res
507 3310 739 3409 manifest&
772 3313 823 3384 de
844 3312 920 3382 lioc
944 3311 1178 3409 nonmagis

148 3446 282 3526 dubia,
303 3442 343 3539 si
360 3441 608 3539 facultatem
630 3440 746 3510 illam
762 3441 1016 3513 vaticinandi
1033 3456 1071 3510 et
1082 3464 1176 3537 poe·

141 3570 195 3667 sui
225 3570 378 3672 afflatis
403 3570 483 3641 illis
509 3572 655 3641 diuino
670 3567 819 3667 spiritu
843 3565 1064 3641 hominibus
1082 3592 1177 3668 pro·

150 3707 274 3797 priam
305 3700 366 3771 ad
398 3702 583 3796 antiquos
615 3695 790 3770 homines
816 3700 1012 3795 pertinere
1043 3697 1178 3766 memi-

155 3833 255 3901 neris.
305 3826 428 3929 Quod
446 3824 609 3924 quidem
629 3838 720 3892 curn
736 3817 913 3919 nouaffet
929 3826 1064 3903 Maro,
1086 3847 1178 3894 con·

153 3952 321 4053 sequutus
343 3950 401 4053 esi
413 3947 540 4048 simul
558 3952 655 4030 lroc,
693 3965 739 4020 ut
765 3953 875 4049 epiro
898 3956 1066 4026 carmini
1083 3975 1177 4052 pro·

166 4169 205 4221 wl·
242 4176 327 4237 „Sanc
347 4170 390 4228 est
411 4167 561 4229 sciendum,
594 4166 646 4221 VII
686 4122 844 4217 Theocritus
867 4167 894 4218 X
911 4166 1023 4225 habau
1065 4162 1179 4222 Exclufit

169 4254 249 4329 αὶορι
260 4263 307 4322 effe
318 4276 415 4318 meru
430 4253 554 4321 ruico,
580 4271 646 4327 qun
687 4253 813 4326 puiclv.
828 4253 875 4310 vl.
888 4252 924 4308 X.
