2700 4906
328 370 334 403 t
373 313 450 426 756
576 312 620 390 P.
640 308 895 392 VIRGILII
921 309 1199 388 MARONIS

370 504 616 590 Prenlantem
638 498 902 604 nequidquam
932 497 1107 592 umbras,
1155 514 1196 574 et
1218 499 1327 575 nndta

999 634 1153 711 lentem

375 782 533 867 Dicere,
562 783 760 873 praeterea
781 768 895 861 vidit3
926 794 1001 846 nee
1013 776 1185 872 portitor
1197 772 1288 846 Orci

377 911 545 1015 Amplius
576 905 765 980 obiectam
793 899 914 1005 pallus
943 908 1106 978 transire
1134 901 1319 1004 paludem.

376 1045 483 1148 Quid
504 1038 671 1118 faceret?
716 1064 794 1141 quo
822 1036 988 1139 serapte
1012 1039 1072 1114 bie
1098 1037 1321 1138 coniugale

376 1188 468 1281 Quo
488 1178 581 1252 fletu
593 1177 727 1266 Manis,
753 1196 828 1275 qua
841 1175 1008 1246 Numina
1020 1196 1122 1248 voce
1134 1171 1326 1247 moueret?
1346 1188 1350 1200 ·

377 1317 446 1392 Illa
475 1309 630 1413 qrudenr
654 1310 781 1408 Stygia
811 1305 925 1380 nabat
947 1310 1025 1379 iam
1044 1305 1185 1408 frigida
1208 1306 1342 1402 cymba

301 1491 310 1505 ·
376 1454 531 1551 Septem
549 1442 656 1517 illum
676 1462 778 1518 totos
800 1439 1003 1541 perhibent
1031 1465 1080 1514 ex
1107 1440 1246 1516 ordine
1265 1467 1337 1514 m.

377 1589 487 1684 Rupe
509 1576 574 1652 lub
596 1582 698 1652 aen'a
724 1574 856 1652 deserti
875 1573 923 1645 ad
950 1575 1165 1668 Strymonis
1187 1576 1321 1649 vndam

377 1711 553 1807 Fleuille,
589 1729 628 1787 et
647 1708 777 1813 gelidis
797 1703 893 1784 haec
910 1704 1094 1784 euoluille
1115 1703 1183 1782 sub
1205 1715 1327 1804 antris,

447 1934 496 1990 501
510 1924 682 2000 Preffarrtem
692 1925 784 1988 Laid..
805 1924 880 1981 lolito
895 1946 979 1982 mora.
1053 1927 1109 1994 604
1130 1926 1238 1999 quase
1258 1941 1346 1996 erepta

381 2021 434 2076 dic.
449 2036 513 2072 am.
527 2013 575 2067 sec.
613 2013 656 2064 hle
671 2025 755 2083 rapta
773 2012 895 2066 nonnulli
917 2013 989 2087 apud
1002 2011 1130 2066 Pieriam.
1208 2014 1261 2067 505
1280 2030 1346 2082 qm

379 2115 460 2163 mirra
480 2098 579 2157 Medic.
600 2112 626 2151 et
642 2097 769 2151 Rottend.
783 2116 823 2169 pr.
845 2116 914 2150 am.
939 2117 996 2171 pr.,
1034 2112 1062 2151 vt
1082 2113 1110 2150 et
1130 2098 1289 2158 Romanus,
1320 2097 1346 2150 in

378 2207 475 2268 portet
517 2187 593 2256 Quae
608 2183 684 2252 stetu
707 2184 819 2236 Manes.
875 2182 1015 2238 Gudianus
1036 2202 1054 2236 ι
1073 2201 1112 2236 ιιι.
1133 2202 1176 2256 pr.
1199 2183 1286 2255 Quod
1300 2182 1350 2252 ste

380 2296 455 2349 quae
484 2277 608 2324 nomina.
661 2288 719 2339 qua
735 2268 862 2338 flumina
879 2267 987 2322 Vratiel.
1036 2269 1144 2321 Licerat
1175 2269 1268 2324 latrem
1299 2268 1350 2322 [cti

375 2365 457 2434 *Quos
469 2358 545 2428 fletu
560 2355 678 2415 Manes,
713 2355 933 2421 quaeNumtna'
946 2373 1019 2408 voce
1039 2368 1179 2409 moueret.
1222 2370 1344 2408 moneret

378 2442 429 2501 dic.
445 2456 508 2495 am.
523 2456 561 2509 pr.
597 2452 723 2490 maneret
745 2440 834 2492 Franc.
902 2440 954 2494 506
970 2441 1032 2494 ma
1053 2439 1182 2510 quidem.
1225 2442 1336 2493 Huncr

378 2545 505 2602 tanquam
522 2520 649 2583 otiosum,
680 2538 706 2576 et
722 2524 790 2577 inter
809 2527 943 2597 grauiora,
964 2545 1032 2598 quae
1048 2527 1213 2578 antecedunt
1226 2543 1253 2579 et
1272 2526 1346 2597 lequu

378 2610 575 2688 interpolitum,
598 2607 681 2661 abeffe
700 2628 744 2661 me
762 2611 853 2672 malle,
873 2611 937 2664 olim
950 2610 1171 2683 fignificauerem.
1208 2613 1322 2663 Bruncki

375 2704 437 2761 [aris
458 2700 558 2752 firmam
579 2692 692 2746 caullem
710 2696 867 2766 reperiebat,
901 2716 949 2748 cur
968 2715 1027 2748 euru
1050 2711 1149 2766 poetae
1169 2695 1337 2750 abiudicarer.

374 2893 441 2928 num
459 2885 504 2922 aut
520 2863 605 2918 alieno
624 2864 685 2918 loeo
706 2867 827 2920 insertum
847 2882 964 2937 putaret,
988 2865 1080 2922 saltem
1099 2868 1248 2920 retraheret
1263 2865 1319 2938 post
1344 2899 1347 2908 ι

377 2960 443 3013 dem
455 2977 479 3009 v.
492 2954 551 3009 503.
596 2951 647 3003 Rae
667 2949 742 3013 sana,
774 2966 801 3006 vt
819 2951 846 3004 in
868 2951 999 3023 plerisque
1019 2953 1178 3006 huiusmodi
1200 2951 1295 3005 catallis
1314 2952 1344 3004 c'

374 3044 414 3100 est
433 3038 553 3096 exsensu
571 3034 747 3089 diiudicanda.
816 3039 866 3104 507
882 3037 1033 3106 perhibent
1055 3050 1133 3089 totos
1153 3057 1220 3090 rnna
1241 3038 1312 3109 apud

374 3133 426 3199 609
445 3123 533 3196 Fleffe
543 3119 603 3192 fibi
624 3136 650 3173 et
670 3122 749 3174 Rom.
770 3140 830 3174 curn
843 3121 891 3175 Ed.
906 3122 975 3174 Ven.
1011 3123 1072 3192 sub
1091 3122 1177 3192 astris
1199 3124 1271 3177 idem
1290 3125 1350 3176 Re·

375 3214 478 3288 aliquot
494 3207 538 3263 alii
553 3206 630 3260 Pierii
645 3225 706 3259 cum
723 3205 767 3259 alt.
782 3208 889 3279 Menag.
907 3222 934 3261 et
952 3207 997 3261 alt.
1012 3205 1086 3262 voff.
1102 3208 1191 3262 Goth.
1207 3208 1255 3261 lec.
1263 3247 1273 3271 ,
1300 3224 1325 3262 tt
1345 3243 1350 3249 -

372 3403 437 3484 sup.
451 3422 481 3461 v.
492 3398 554 3476 567
575 3394 723 3476 flumina
736 3393 869 3474 diuersb
952 3396 1027 3458 506.
1041 3395 1194 3475 frigida,
1214 3412 1323 3470 morte,
1349 3424 1350 3431 ι

370 3506 463 3566 ¹loeis.
515 3502 588 3564 503.
609 3499 771 3558 obiectam
791 3518 868 3579 poe·
909 3511 941 3558 tn
964 3513 1050 3558 retro
1073 3520 1132 3578 per
1155 3500 1294 3582 Stygem.

370 3612 434 3668 tico
469 3614 582 3662 ornatu
620 3601 783 3661 adiectum.
835 3614 868 3660 vt
908 3602 972 3681 507
1007 3623 1051 3660 ex
1075 3599 1218 3669 ordine,
1249 3605 1342 3662 con'·

268 3760 272 3766 .
371 3712 488 3787 Georg.
511 3702 571 3775 111,
597 3702 658 3765 253
715 3724 784 3761 non
811 3701 866 3761 ob·
906 3703 1057 3787 intellige.
1123 3705 1263 3764 Praeiuit
1297 3705 1350 3762 Lu

369 3814 459 3872 ieeta
498 3801 675 3863 retardant
713 3805 864 3876 flumina.
905 3809 975 3866 tius.
1040 3803 1085 3867 est
1123 3805 1217 3890 ἑξῆς,
1265 3803 1350 3869 zade

369 3916 444 3978 505.
469 3908 540 3992 Quo
552 3904 640 3986 fletu
660 3938 702 3957 -
721 3928 788 3990 qua
805 3929 863 3967 vo·
904 3910 978 3989 509.
1008 3910 1187 3990 errolrtiffe,
1232 3901 1350 3972 dtemt'

293 4078 296 4084 ,
367 4037 422 4088 aa,
454 4032 513 4094 pro
542 4008 701 4092 quomodo
727 4007 804 4071 fletu
825 4031 861 4072 ac
901 4010 1093 4089 ἐξειλίσσειν.
1177 4011 1281 4078 lraec,
1324 4029 1348 4067 0

365 4137 460 4190 voce,
493 4128 527 4173 vt
547 4113 612 4173 Ecl.
634 4110 693 4184 VI,
717 4114 759 4176 80
793 4134 858 4199 quo
900 4113 979 4188 suos,
998 4116 1167 4198 querendo
1185 4108 1349 4177 enerralle.

362 4214 644 4299 cursu-quibus
657 4215 730 4276 alu.
899 4216 975 4279 Stat.
1010 4215 1116 4290 Theb.
1157 4220 1191 4294 1,
1230 4239 1250 4282 e
1289 4218 1331 4298 so
