2700 4906
137 355 214 446 774
405 390 407 395 >
447 346 769 429 EXCVRSVS'
787 353 848 425 11·

61 582 69 597 .
142 553 308 616 uquarum
327 523 483 597 inertium
507 533 615 613 vastos
632 558 738 619 pares
758 536 885 617 nostris
899 572 944 587 ·-
961 538 1083 601 liberae
1101 539 1171 600 luri

143 643 240 707 tatis,
274 659 343 698 non
355 637 431 716 stne
458 638 597 701 horrore
622 641 722 716 visor.
783 643 933 705 Fundutn
959 643 1172 728 eutem-ruythi

144 757 198 801 eut
219 741 292 802 iecit
313 755 368 800 eut
389 738 537 802 illustrare
558 763 623 803 rem
644 740 751 823 potest
771 746 924 806 Oceanus
946 767 997 827 ep.
1021 748 1174 807 Homerum

145 842 198 905 vss'.
213 843 275 923 suo
291 843 331 903 ed
346 845 421 917 381,
436 845 519 905 laud.
541 843 749 929 βαθνῤῥεᾶαο
771 844 858 926 μέγα
884 846 998 918 σθένος
1019 845 1174 921 Ὠκεανοῖο,

144 942 207 1023 Ἐξ
221 927 332 1030 ὀὗπερ
351 939 461 1018 πάντες
489 946 692 1025 rotunditati
718 947 805 1013 rien
833 944 992 1014 θάλασσα
1019 951 1078 1017 lla:
1093 949 1173 1014 tinet

148 1048 252 1133 κρῆναι
276 1049 328 1113 καὶ
346 1048 480 1133 &peiere
498 1043 602 1134 μακραὶ
629 1043 757 1115 νέουσιν.

235 1151 398 1217 Ceuemee
419 1150 508 1212 huius
531 1151 694 1212 immensae
716 1150 772 1213 sub
793 1167 900 1229 teme,
941 1155 1037 1217 iacies
1059 1169 1173 1236 npoetr

151 1252 333 1315 adumbrate
348 1250 541 1315 videturesse
556 1251 647 1314 beecz
673 1269 708 1313 vt
724 1251 786 1314 fint
801 1259 835 1315 in
850 1276 889 1316 ee
906 1255 1015 1338 passim
1032 1257 1175 1339 speluncae

62 1356 64 1359 ’
150 1360 247 1437 inque
269 1360 305 1416 iir
325 1356 407 1416 lacus
428 1352 534 1416 inclusi
547 1375 740 1439 magnaeque
759 1354 873 1431 fileae,
897 1381 958 1439 per
978 1382 1053 1443 quus
1066 1359 1175 1419 flumine

149 1456 254 1520 subter
275 1472 388 1518 terrem
407 1478 444 1518 ex
465 1456 787 1539 lacubutprofluan13
822 1476 856 1520 vt
878 1462 961 1522 edeo
982 1463 1016 1521 bi
1035 1463 1112 1522 lectu
1130 1459 1174 1519 sub

150 1574 233 1621 terre
249 1579 308 1640 pro
329 1559 466 1623 sontibus
492 1557 567 1632 fint,
602 1561 683 1622 unde
703 1561 749 1620 illi
769 1576 875 1623 ortum
897 1561 1055 1636 habeant,
1089 1564 1175 1622 donec

151 1664 345 1745 aliquantum
372 1659 519 1746 progreffi
547 1662 633 1743 supra
666 1677 783 1724 terrem
809 1670 949 1725 emicent
975 1667 1065 1727 sonte
1085 1685 1177 1724 vnum·

152 1767 302 1850 quodque
329 1763 400 1826 suo:
454 1767 590 1848 lamque
625 1763 760 1825 domum
797 1770 929 1826 mirans
943 1767 1009 1851 sqq.
1050 1772 1108 1831 553
1123 1767 1175 1848 sqq.

154 1871 227 1951 Qun
247 1873 296 1943 vi,
329 1889 393 1949 quo
414 1882 518 1939 motu,
554 1866 680 1929 flumine
703 1872 748 1929 itu
776 1871 812 1929 in
837 1870 938 1929 ultum
957 1872 1112 1942 ferantur,
1144 1890 1175 1927 er

151 1977 217 2035 imo
240 1987 388 2032 terrerum
412 1970 510 2030 fundo
531 1967 699 2052 assurgunt,
721 1986 773 2043 et,
803 1975 970 2054 quomodo
993 1995 1031 2033 ex
1045 1993 1103 2032 vno
1115 1973 1175 2030 loco

153 2096 263 2137 nmnes
278 2094 382 2133 amnes
395 2073 520 2154 prodire
538 2069 667 2154 poffint,
701 2087 734 2132 vt
749 2073 898 2147 doceret,
928 2090 1060 2156 apoetn
1080 2093 1174 2154 expec-

152 2181 212 2238 tari
228 2198 294 2238 non
313 2191 453 2258 poternt;
484 2195 510 2249 ⁴n
528 2171 652 2258 phyfico
673 2172 734 2234 hoc
753 2173 929 2255 postulares
950 2183 1029 2237 iure.

238 2279 304 2340 lum
325 2275 557 2365 Cauerneheec
571 2298 630 2357 pro
641 2280 725 2358 regin
743 2278 845 2362 eliqua
860 2278 1033 2340 fluuiorum
1047 2294 1078 2339 et
1094 2293 1174 2357 nqua-

151 2404 221 2446 rum
239 2402 306 2443 non
326 2381 406 2445 mele
429 2378 534 2439 heberi
564 2393 693 2458 poteret
748 2380 782 2438 Si
810 2397 907 2460 poete
932 2384 1055 2442 Oceani
1074 2384 1174 2461 regiam

152 2508 192 2549 eo
213 2486 308 2546 modo
330 2478 548 2542 adumbrallet:
582 2479 659 2540 nihil
680 2496 758 2561 puto
780 2483 863 2542 foret
883 2486 972 2565 quod
996 2488 1175 2542 mirationem

152 2591 275 2651 fuceret.
309 2587 392 2645 Talis
405 2587 544 2665 Neptuni
556 2588 640 2664 regia
654 2581 759 2663 paffim
775 2584 974 2656 describitur;
994 2587 1079 2645 Iliad.
1087 2586 1122 2648 N.
1132 2602 1173 2639 21.

154 2694 237 2755 cons.
252 2690 344 2750 Ouid.
359 2690 434 2748 Met.
449 2688 474 2760 1,
490 2690 550 2767 276
564 2686 605 2767 sq.
614 2730 623 2758 ‚
663 2691 697 2746 in
718 2685 776 2745 hnc
791 2689 964 2748 Nereidum
987 2687 1084 2748 Chori
1104 2681 1175 2763 apud

153 2799 261 2876 Eurip‚
274 2792 387 2855 Troad.
402 2812 448 2870 pr.
463 2792 557 2848 Nerei
571 2788 680 2849 domus
700 2793 733 2848 in
748 2793 828 2848 mari
842 2793 970 2871 Aegaeo
995 2790 1079 2870 apud
1092 2785 1174 2866 Apol·

153 2901 218 2963 lon.
235 2899 289 2968 IV,
308 2908 421 2975 772„et
434 2892 520 2954 Iliad.
535 2893 571 2963 A,
587 2894 659 2956 558.
693 2896 767 2951 item
781 2891 925 2952 Thetidis
945 2908 975 2951 et
997 2895 1174 2973 Eurynomes

154 3002 241 3066 Iliad.
256 3000 295 3068 Σ,
310 3007 371 3076 402
408 2993 458 3053 vbi
475 2993 627 3053 Vulcanus
648 2995 788 3054 latuerat.
837 2995 879 3054 At
902 2995 993 3054 Mero
1016 2993 1174 3053 obsurrenit

154 3117 365 3169 commentum
393 3096 469 3156 illud
498 3100 655 3177 poeticum
681 3095 794 3159 inflexa
821 3118 927 3157 rerum
951 3097 1068 3177 specie,
1112 3092 1174 3151 dun

152 3210 250 3268 Penei
285 3202 419 3262 fluminis
452 3202 567 3279 regiam
602 3198 643 3258 ad
669 3200 802 3259 eundem
828 3201 959 3259 modum
983 3195 1175 3262 adumbrauit,

154 3331 218 3392 quo
236 3308 354 3366 Oceani
375 3303 424 3363 vel
439 3303 549 3373 Nerei,
587 3316 640 3360 eut
660 3301 739 3361 sorte
759 3301 908 3372 Acheloi,
952 3305 1089 3361 emnium
1107 3299 1175 3354 enti-

155 3407 305 3494 quiffimi,
331 3403 456 3466 describi
476 3401 628 3483 potuisset.
670 3404 750 3462 Nam
767 3425 826 3483 per
847 3402 877 3464 se
892 3403 1027 3461 flumini
1050 3402 1108 3460 deo
1130 3399 1175 3455 do-

154 3534 221 3574 mus
242 3511 293 3571 seu
314 3514 398 3590 regie
417 3521 500 3566 recte
522 3505 726 3565 tribuebatur:
762 3510 848 3565 etin
870 3505 935 3584 ipso
953 3507 1061 3565 Peneo
1075 3501 1174 3561 hocer

153 3629 318 3698 poetarum
339 3610 390 3671 vsu
418 3608 595 3690 exsequutus
623 3605 665 3668 est
688 3608 779 3667 Ouid.
804 3608 881 3667 Met.
906 3609 931 3672 1.
953 3605 1088 3686 568sq.:
1128 3595 1175 3675 Est

155 3735 269 3778 nemus
283 3713 489 3771 Haemoniae
503 3725 560 3770 etc.
569 3744 612 3759 ··-
631 3712 724 3769 Haec
739 3709 867 3777 domus,
888 3707 1090 3784 haecsedes‚
1103 3706 1175 3765 staec

145 3820 232 3899 snut
248 3815 435 3898 penetralia
457 3815 570 3890 magni
582 3808 700 3871 Amnis
707 3834 719 3881 ,·
752 3814 787 3870 in
807 3811 872 3869 ltoc
894 3810 1056 3885 residens,
1086 3812 1175 3891 secto

154 3921 199 3986 de
217 3917 368 3979 cautibus
386 3931 484 3975 antro
495 3959 504 3987 ,
538 3913 644 3975 Vadis
663 3917 740 3972 iura
762 3912 867 3972 dabat
890 3916 1113 3997 Nymphisque
1133 3931 1178 3968 ce·

154 4021 298 4088 lentibus
326 4017 441 4080 endas.
499 4019 707 4078 Conuenient
732 4017 802 4078 illie
833 4017 1019 4099 popularia
1041 4017 1177 4103 flumina

149 4128 314 4210 primum,
341 4124 424 4182 Mox
443 4141 556 4180 amnes
573 4122 642 4180 alii.

236 4244 280 4304 Vt
300 4242 338 4302 ed
359 4257 472 4305 certum
497 4234 628 4323 aliquem
651 4261 752 4301 rerum
774 4240 928 4321 speciem,
963 4262 1046 4327 quae
1069 4237 1181 4322 quidem

43 4398 47 4408 ,
152 4349 260 4408 nuituis
275 4343 384 4408 nostris
398 4345 556 4407 informari
570 4341 671 4428 poffit,
693 4342 771 4406 baec
783 4366 952 4418 reuocem;
980 4368 1022 4407 ex
1036 4360 1104 4405 toto
1119 4336 1184 4400 mihi
