2692 4914
132 295 810 433 nercon'tta.111,3to-ato
886 341 956 416 en

128 553 142 599 s
169 555 212 601 ac
237 534 363 628 patriis
389 554 476 604 acer
500 531 689 602 Romanus
714 530 887 600 inarmis

128 662 161 734 tb
186 661 282 737 fasce
303 668 399 737 viam
426 689 543 763 quum
570 667 702 762 carpit,
739 679 778 735 et
800 660 895 735 hosti

128 816 302 869 ›ectatum
324 794 448 897 politis
477 796 544 869 stat
570 801 610 870 in
631 785 784 895 agmine
800 792 957 874 castris..

130 956 204 1028 qua
226 931 397 1023 Scythiae
418 948 564 1030 gentes,
598 934 838 1032 Maeotiaque
850 928 959 1020 unda,

145 1083 182 1138 et
202 1084 381 1167 torquens
395 1064 564 1138 flauentis
577 1061 698 1138 Hister
717 1088 857 1154 arenas,
885 1063 961 1136 550

128 1277 176 1330 rud
186 1278 273 1346 secus
305 1277 431 1347 Quinctil.
458 1271 512 1341 IX,
530 1279 555 1332 3.
612 1279 675 1331 Nec
689 1274 775 1348 secur
797 1277 880 1332 Goth.
911 1275 959 1333 sec.

128 1363 185 1431 sub
207 1363 295 1435 fasce
322 1365 413 1434 fragm.
450 1364 537 1417 Vatic.
595 1380 679 1434 quom
703 1363 795 1434 Iinrn.¹
813 1379 840 1418 et
867 1364 961 1436 fragrat·

139 1449 245 1501 Nonius
261 1449 400 1502 Marcellus
413 1448 552 1522 infuscas
565 1463 591 1502 et
604 1449 703 1501 Donat.
719 1448 747 1502 in
760 1449 865 1503 Terent.
879 1449 961 1504 Andr.
1059 1435 1062 1439 Δ

128 1551 158 1584 ro
179 1549 205 1586 et
227 1532 333 1603 brisiam
363 1534 462 1588 Medic.
489 1553 504 1588 ι
529 1553 564 1586 m.
590 1551 629 1605 pr.
661 1548 722 1585 rum
751 1532 808 1586 aliia
827 1535 961 1588 nonnullis

128 1618 189 1686 gius,
216 1619 300 1672 Goth.
322 1617 370 1671 sec.
389 1618 458 1680 Eri„
484 1619 547 1672 itam
568 1616 629 1675 cod.
651 1615 760 1671 Fabricii
779 1618 916 1673 Chemnic.
935 1634 963 1674 et

136 1702 197 1755 edd.
210 1705 231 1764 1,
251 1721 289 1773 19,
324 1702 378 1756 duo
399 1719 460 1758 vett.
480 1702 539 1756 libri
559 1702 629 1773 apud
648 1703 778 1755 Pieriumt
810 1701 853 1755 sed
871 1721 964 1775 perpe*

128 1789 182 1858 getii
200 1789 278 1840 codd.
293 1806 372 1860 porro
387 1787 425 1842 est
444 1787 532 1857 httflh
552 1788 742 1857 exspectatus,
762 1801 788 1839 et
806 1786 961 1858 qustervid.

128 1872 187 1925 Vol.
205 1875 377 1944 v11,p.139.
427 1872 502 1945 atyn
521 1874 599 1926 etiam
620 1873 699 1930 Rom.
717 1887 744 1926 et
762 1870 853 1943 fragm.
875 1874 962 1928 Varie.

132 1960 182 2024 348
190 1956 255 2029 star
276 1967 388 2030 agmine
406 1956 461 2011 fine
481 1967 513 2010 in
531 1959 676 2012 Romanus.
716 1954 782 2028 flat
807 1965 840 2012 in
860 1958 963 2015 ordina

128 2062 177 2096 nur
189 2043 297 2098 Meiliua
312 2044 513 2099 Grammaticus.
548 2042 582 2095 Et
594 2041 630 2095 fic
643 2041 716 2096 Laid.
738 2057 764 2095 et
777 2059 868 2112 margo
881 2044 963 2109 aaa,

128 2146 167 2189 m,
205 2128 277 2199 quod
303 2129 423 2202 placebat
448 2129 513 2181 Viro
540 2126 620 2180 docto
651 2127 680 2183 iu
708 2125 783 2182 Mire.
810 2126 884 2183 obss.
902 2128 921 2183 l.
943 2130 962 2184 l.

128 2213 237 2266 rHeins.
251 2232 311 2267 cunt
325 2214 490 2276 melioribus,
510 2231 589 2285 quent
606 2211 673 2265 tide.
708 2214 857 2267 Maeotica
874 2213 962 2286 vulgo.

146 2301 235 2355 Franc.
286 2297 381 2372 Hister
399 2296 512 2354 scribunt
530 2296 662 2369 praecipui
679 2296 757 2351 codd
776 2295 822 2353 hic
840 2313 867 2354 at
885 2300 963 2367 alibit

128 2493 159 2532 tn
173 2470 255 2532 secus
270 2492 305 2531 ac
317 2472 433 2533 Roma·
473 2473 547 2550 348.
565 2469 660 2536 Ante
680 2485 888 2552 expectatum
906 2474 965 2535 Iro·

147 2573 245 2634 secum
265 2579 342 2657 agit,
363 2597 433 2637 cum
465 2570 524 2652 sti,
542 2588 705 2656 antequam
719 2571 810 2634 hostis
825 2591 965 2655 expecta·

128 2677 213 2738 cedit.
257 2679 434 2758 patriis—
474 2689 523 2734 ret
541 2675 580 2751 (v.
594 2674 721 2753 Barna),
741 2672 771 2734 h.
786 2674 895 2749 subite,
916 2698 966 2739 re.

128 2779 230 2858 pulcro
278 2777 434 2858 epitheto:
474 2791 587 2861 pente,
615 2770 865 2859 drpoedontirue„
893 2775 966 2856 flat

128 2882 214 2937 ‘riam
259 2884 433 2953 uirtutem,
475 2881 511 2937 in
533 2879 682 2956 agmine,
714 2874 809 2938 adstat
830 2884 964 2962 agmine,

128 3003 160 3048 n.
184 2988 218 3042 in
237 2989 373 3044 animum
387 3004 435 3043 re·
476 2995 509 3039 vt
534 2978 702 3061 incedere,
747 2981 815 3049 iro,
847 2979 965 3064 sequi»

128 3095 182 3163 ‚42
222 3086 342 3162 Iniuste
367 3085 435 3164 snb
477 3084 618 3159 agmine.
678 3078 839 3144 Vfitati'ore
868 3086 965 3146 modo

128 3209 208 3269 agno
240 3210 336 3249 onere
344 3232 354 3262 ,
404 3198 436 3248 vt
479 3186 610 3245 diceres:
640 3203 758 3264 agmen
770 3182 849 3263 stat.
903 3187 967 3247 set·

128 3290 276 3368 explicuit,
300 3292 379 3352 coni.
398 3291 438 3350 ad
478 3288 550 3348 licet
575 3307 694 3364 agmen
718 3285 781 3368 ipse
807 3292 965 3365 exercitur,

129 3394 157 3451 5.
193 3391 243 3450 vbi
262 3393 357 3452 labor
378 3397 437 3452 im·
479 3391 550 3450 'dum
567 3391 691 3450 incedit.
720 3386 966 3471 postttitcastrir,

133 3493 194 3554 Res
223 3493 264 3555 est
292 3512 366 3555 nota
398 3495 436 3556 de
479 3493 552 3551 dum
575 3497 692 3553 interea
713 3492 851 3552 celeriter
874 3490 967 3554 castra

128 3597 217 3655 milite
246 3599 293 3658 vei
315 3620 351 3658 ex
373 3599 436 3657 Cic.
478 3611 646 3676 ponuntur.
701 3596 796 3667 Nam,
826 3615 896 3655 cum
916 3615 968 3679 eg·

144 3698 181 3769 11,
210 3703 263 3772 16,
291 3716 321 3762 et
335 3700 439 3759 iauda-
479 3717 552 3757 men
570 3694 688 3760 hostire
704 3693 844 3772 ostendit,
868 3718 886 3759 a
909 3714 969 3760 ter·

133 3845 139 3857 .
170 3802 201 3872 1,
233 3824 268 3882 19
306 3800 440 3861 Pondus
481 3800 648 3882 govallutn
662 3797 705 3861 fit.

128 3905 252 3963 niulure
273 3925 374 3988 usqne
395 3903 442 3963 ad
524 3905 596 3982 349.
617 3899 668 3961 Ac
688 3921 755 3960 non
775 3903 817 3960 ita
838 3899 970 3981 pascitni‘

128 4026 151 4072 t,
186 4021 217 4063 er
238 4009 303 4065 iter
320 4008 442 4088 facere
482 4009 566 4088 itque
582 4025 676 4086 pecus
691 4019 747 4064 etc.
790 4001 893 4063 Debet
913 4007 969 4064 ita·

128 4107 228 4166 ilitari
252 4125 309 4170 etc.
359 4111 439 4170 conf.
484 4130 544 4191 que
563 4112 660 4168 maior
673 4103 823 4167 distinctio
843 4109 970 4186 poniin

128 4211 217 4272 iacnt
228 4214 374 4276 German.
390 4217 442 4278 50.
483 4211 544 4275 fine
566 4211 664 4273 versus
682 4211 755 4273 551.
825 4208 897 4271 350.
930 4208 970 4271 Et
