2692 4914
309 292 993 420 svaotrct'ucu.v,2s-31
1052 380 1055 386 ·
1107 368 1174 439 127
1229 344 1233 351 ·

142 530 321 632 Daphnis
342 549 381 607 et
409 530 601 610 Annenias
627 555 738 605 curru
762 525 980 626 subiungere
1003 530 1103 626 tigris

143 666 323 756 Instituit;
363 648 533 765 Daphnis
560 663 692 738 thiasos
710 662 889 739 inducere
910 660 1054 752 Bacchi,
1126 663 1177 738 50

143 805 188 874 Et
208 800 317 875 soliis
337 798 456 873 lentas
476 804 644 874 intexere
670 796 845 871 mollibus
869 790 999 868 hastas.

209 1002 248 1056 ²9
269 989 369 1037 currui
385 999 451 1036 enus
465 980 563 1035 Moreti
583 1001 631 1054 pro
647 999 699 1034 var.
713 981 773 1034 lect.
810 982 948 1032 Armenia
963 977 1042 1030 liom.
1064 993 1090 1033 et
1103 978 1176 1034 Leid

146 1071 177 1126 30
194 1069 319 1124 Baccho
345 1068 440 1141 ubique
465 1067 565 1120 editum
586 1066 670 1121 video.
717 1065 825 1120 Bacchi
844 1084 875 1119 err
895 1063 1084 1138 antiquioribus
1102 1066 1179 1120 Pierii

145 1173 169 1207 ct
189 1153 283 1208 Heius.
313 1152 455 1227 probatum
482 1151 589 1205 Heinsio
616 1151 728 1222 reposuit
749 1156 853 1216 Burm,
891 1172 993 1206 mernor
1013 1152 1095 1234 versps
1114 1154 1178 1204 Aen.

146 1242 202 1304 ill,
212 1243 266 1310 390
278 1230 392 1292 *ereum
408 1240 508 1291 molles
524 1239 575 1291 ult
583 1237 699 1308 sumere
716 1240 842 1311 thyrsum·
861 1241 954 1293 iterum
968 1239 1042 1291 eiecit
1055 1239 1179 1300 Drunck„

146 1346 205 1378 cnm
220 1326 341 1378 Baccho
362 1323 562 1396 exquifitiuslit.
598 1324 706 1395 thyrsos
721 1326 836 1378 Parthas.
872 1325 1089 1378 Cumlnducere
1105 1324 1179 1377 thio·

139 1411 190 1481 soa
210 1410 355 1464 obscurum
375 1409 436 1462 ellet
454 1407 578 1470 Heinsio,
598 1409 767 1463 coniiciobut:
802 1410 909 1482 thiasos
923 1411 1050 1462 indicere
1062 1410 1178 1463 Bacchi.

145 1497 242 1551 ludici
264 1496 338 1548 enim
359 1495 428 1548 sacra
447 1494 573 1549 sollennia
593 1509 618 1547 ct
639 1493 695 1548 sesti
716 1494 771 1547 dies
791 1495 888 1552 solenti
920 1493 992 1568 quod
1011 1495 1115 1565 copiose
1134 1495 1182 1549 ud·

146 1581 221 1636 ssruit
242 1581 351 1643 Heins3
389 1579 457 1633 sorte
475 1578 559 1635 multo
579 1581 661 1651 magis
685 1579 738 1634 boc
757 1600 788 1634 ex
809 1579 850 1635 vsu
870 1578 996 1652 loquendi
1017 1579 1099 1642 soret,
1136 1579 1179 1634 sed

148 1685 173 1721 et
191 1669 248 1721 hoc
267 1664 421 1738 Daphnidis
442 1664 563 1722 laudibus
583 1665 723 1726 conuenit,
763 1680 790 1718 vt
809 1664 861 1735 ipse
880 1663 977 1719 duriss'e
997 1665 1091 1716 choros
1112 1665 1182 1719 dica·

147 1769 197 1808 tur.
233 1749 321 1806 Pollis
343 1770 449 1824 quoque
464 1751 580 1823 accipere
600 1750 743 1811 inducere,
767 1749 860 1805 inserte
872 1751 900 1802 in
919 1751 1012 1810 vitam,
1032 1749 1119 1812 usum,
1137 1751 1177 1804 iu·

148 1837 263 1893 lilium.
303 1838 421 1900 iudaeos,
450 1838 564 1895 τελετᾶε
585 1828 711 1906 rirtiyrrr,
736 1850 763 1888 vt
782 1834 850 1888 bene
869 1834 1011 1889 Mitsclrerl.

150 1975 229 2038 εἰη
265 1986 301 2032 et
322 1971 409 2054 quod
430 1971 528 2031 multo
551 1974 647 2054 magis
690 1970 729 2030 ad
758 1969 912 2052 augendas
937 1974 1001 2031 eius
1024 1970 1184 2035 laudes'et

150 2078 269 2134 mireris
303 2073 367 2135 Ecl.
399 2075 445 2148 X,
485 2076 526 2155 59
570 2073 649 2132 libet
691 2072 934 2152 amplificandam
984 2074 1182 2156 dignitatem,

151 2176 279 2236 Partho
317 2189 472 2257 torquere
502 2174 650 2256 Cydonia
690 2174 889 2256 Daphnidem
917 2174 1002 2242 suum
1031 2197 1125 2238 vnum
1146 2201 1183 2240 ex

152 2299 255 2336 cornu
295 2277 436 2358 Spicula.
513 2279 651 2340 Circum·
692 2275 803 2337 Bacchi
849 2277 1106 2340 commilitonibus
1152 2298 1184 2344 et

151 2378 284 2460 spectius
317 2376 401 2438 hunc
427 2381 564 2441 colorem
591 2381 651 2443 ser·
691 2378 777 2439 sociis
798 2375 883 2439 fuisse
900 2377 1008 2461 singat,
1037 2385 1090 2463 qui
1104 2382 1184 2446 sacra

152 2478 231 2541 iass'e
267 2480 374 2542 videas
413 2482 574 2544 Moschum
616 2489 650 2544 in
691 2480 802 2540 Dacchi
815 2479 977 2542 instituerit
991 2484 1184 2566 interpello-

154 2584 298 2663 epicedio
317 2584 439 2656 Bionis,
473 2587 559 2669 quod
579 2602 650 2647 ante
691 2605 754 2656 res,
782 2600 874 2668 atque
889 2584 967 2645 adeo
983 2589 1185 2650 caerimonias
1292 2585 1295 2594 '

156 2687 261 2746 oculos
308 2683 443 2746 habebat
489 2689 649 2770 Virgilius,
691 2690 724 2745 in
745 2685 933 2746 Liberalibus
955 2684 1105 2747 sollennes
1135 2714 1185 2749 ox·

156 2808 245 2868 quum
269 2785 472 2867 Daphnidem
490 2790 651 2861 scriberet;
692 2787 841 2858 hibuerit‚
871 2792 952 2847 inter
979 2807 1052 2868 quas
1073 2789 1184 2854 Bacchi

156 2894 196 2946 sti
236 2890 403 2971 Virgilium
453 2891 651 2955 Nemesianus
692 2912 740 2949 res
756 2888 855 2973 gestae
870 2892 1070 2969 inprimisque
1084 2890 1184 2952 adln.

157 2991 216 3052 Ecl.
230 2991 256 3064 1,
276 3000 414 3071 72-74.
454 2995 532 3055 Sunt
548 3013 652 3058 tamen
694 2993 749 3052 dos
777 2990 932 3071 expeditio
966 2991 1185 3068 repraesentari

158 3093 266 3152 leones
294 3093 492 3177 sequentibus
525 3098 651 3182 tigribus
693 3092 819 3154 solebat.
868 3094 969 3173 Quam
996 3098 1185 3156 conuenien-

159 3195 364 3278 sdinngendi,
422 3213 455 3256 vt
486 3215 518 3259 et
552 3200 607 3281 ipfi
635 3221 653 3259 a
695 3212 741 3257 ter
753 3192 1049 3275 haecdeDaphnide
1064 3193 1185 3275 pastore

159 3297 266 3358 Bacchi
283 3299 412 3359 leonum
428 3300 586 3364 domitoris
607 3303 652 3362 sa·
693 3312 867 3371 narrentur,
889 3317 955 3358 non
971 3295 1082 3358 dicam.
1111 3301 1185 3363 Bac-

161 3399 233 3462 bnlis
253 3405 346 3482 petiti
369 3417 400 3462 et
422 3401 471 3463 hic
492 3409 653 3466 memorati
694 3399 784 3462 chum
811 3415 913 3461 autem
942 3420 1030 3460 curru
1059 3404 1186 3485 tigribus

162 3499 236 3562 suit:
296 3502 496 3585 Daphnidem
537 3504 652 3568 sleuilse
694 3508 799 3565 iuncto
822 3502 910 3577 vehi,
937 3507 1104 3566 innumeris
1119 3531 1187 3572 mo·

164 3604 266 3666 leones
294 3621 327 3666 et
355 3610 463 3688 tigres,
512 3629 590 3690 quos
619 3610 653 3667 in
693 3611 849 3667 numentis
871 3603 985 3667 constat
1006 3606 1065 3684 (cs.
1080 3610 1187 3675 Mons.

166 3706 313 3768 bacchicis
337 3713 429 3792 orgiis
442 3709 502 3788 ‚ilie
527 3709 653 3771 domare
693 3709 771 3770 saue.
786 3707 868 3769 Aac.
886 3708 969 3791 expl.
985 3708 1022 3770 V
1018 3709 1060 3771 ol.
1077 3716 1104 3786 I,
1120 3718 1186 3782 tab.

172 3806 340 3882 didicerat,
698 3814 780 3886 158)
822 3813 873 3874 50.
895 3809 1187 3887 tltiasosr'uducere

694 3915 815 3976 Bacchi
842 3917 960 3995 accipio
982 3933 1040 3994 pro
1060 3917 1186 4002 simplici

233 4032 279 4092 29.
305 4015 388 4074 Haec
411 4030 442 4075 et
463 4016 526 4100 sqq.
548 4016 653 4098 paullo
695 4015 816 4077 ducere
833 4018 941 4081 choros
960 4018 1184 4097 bacchantium,

186 4106 323 4190 sbmptius
344 4115 450 4196 polita,
480 4118 654 4198 fimpliciter
697 4121 802 4202 quales
814 4121 902 4206 saepe
917 4127 950 4183 in
965 4121 1142 4206 anaglyphis
1155 4139 1188 4186 et

190 4227 222 4268 tu
244 4217 462 4319 interpretenda
488 4220 574 4294 sunt,
611 4237 654 4297 vt,
696 4229 833 4308 genimis.
876 4224 971 4287 Versu
992 4227 1031 4287 51
1056 4221 1192 4308 thyrsum
