2700 4906
175 396 182 408 ι
220 301 548 378 SECVNDAE
580 299 888 394 EDITIONIS
973 336 1109 390 ¹xxtrr
1313 344 1322 361 ⁵

123 507 343 583 Induxerat
362 510 404 579 in
429 509 596 578 animum
618 504 808 599 librarius,
840 509 1014 589 honestus
1038 522 1103 611 vir,

63 663 285 718 ornamenta
313 639 454 714 addere
482 639 571 714 huic
598 639 755 760 editioni
781 639 907 742 figuris
929 672 1016 724 aere
1041 675 1104 725 ex·

64 775 192 880 preffis.
249 780 343 850 Non
364 772 464 849 soleo
485 772 660 874 equidem
674 773 765 849 huic
788 774 970 853 librorum
983 789 1104 882 pretia

65 907 398 988 excandelaciendi
429 906 583 982 confilio
604 907 766 982 multum
795 911 977 1006 tribuere;
1024 943 1103 989 om·
1155 1002 1157 1007 ¹

66 1052 149 1120 nino
175 1049 283 1120 enim
304 1069 327 1115 a
346 1041 438 1115 luxu
458 1040 535 1115 hoc
555 1042 842 1143 typographico,
875 1049 1013 1148 inquo
1034 1074 1103 1124 no·
1137 1052 1138 1057 ’

66 1179 128 1254 ltra
154 1199 263 1256 aetas
296 1172 363 1249 fibi
392 1173 534 1274 placet,
588 1201 720 1276 parurn
750 1181 911 1258 ttilitutie
936 1181 985 1255 ad
1009 1181 1102 1283 ipsas

66 1315 201 1391 litteras
231 1330 273 1387 et
301 1309 525 1384 litteratores
550 1307 733 1409 proficisci
759 1314 886 1409 ride03
931 1315 1102 1417 quando·

67 1450 217 1550 quidem
242 1469 325 1519 non
354 1440 422 1515 nili
442 1443 628 1543 opulentis
647 1445 861 1525 hominibus
882 1449 969 1522 talia
988 1477 1101 1551 appe·

66 1603 137 1660 tere
159 1584 273 1671 licet3
314 1594 447 1651 emunt
474 1596 601 1651 eutem
623 1579 677 1652 illi
698 1581 817 1657 studio
843 1608 959 1676 vano,
998 1604 1037 1659 vt
1059 1591 1101 1660 in

63 1718 214 1819 pulpitis
245 1731 287 1789 et
316 1709 491 1786 cancellis
522 1712 698 1811 pretiosas
721 1716 787 1792 hae
817 1742 924 1820 opes,
972 1744 1022 1793 ne
1045 1724 1101 1794 in·

63 1845 199 1947 spectas
222 1845 400 1946 quidem,
439 1845 657 1937 occludent3
697 1848 803 1924 nolui
825 1869 952 1927 tamen
977 1850 1100 1930 deelle

61 1979 199 2053 librarii
230 1983 348 2071 votis,
396 1997 512 2078 vtque
551 1979 675 2081 aliqua
706 1981 831 2059 saltem
854 1985 988 2061 lectori
1013 2013 1101 2063 cum

60 2115 253 2214 voluptate
270 2131 465 2214 peraretur
484 2113 637 2207 vtilitas,
670 2117 866 2219 diligenter
890 2120 1099 2223 conquiliui

62 2267 97 2323 et
123 2248 252 2346 delegi
278 2265 526 2338 monumenta
547 2254 718 2351 antiqua,
757 2279 857 2354 quae
886 2281 973 2330 cum
994 2256 1099 2333 versu

63 2382 185 2484 aliquo
221 2381 430 2482 Virgiliano
460 2380 559 2459 forte
599 2390 865 2480 conuenirent;
909 2388 1036 2467 saltem
1060 2409 1099 2466 vt

62 2515 149 2589 lusui
168 2511 367 2613 ingeniolo
389 2514 496 2591 locus
516 2514 618 2622 effet.
669 2518 819 2598 Subieci
840 2524 1032 2600 Volumini
1045 2525 1099 2600 vl·

64 2656 149 2723 timo
172 2648 302 2723 sontes
332 2647 469 2722 horum
498 2670 822 2747 ornamentorum,
863 2658 962 2733 vnde
981 2664 1098 2759 petita

64 2783 135 2860 fint.
188 2782 234 2856 Id
260 2781 414 2884 quidem
434 2809 571 2861 cauere
588 2788 692 2860 volui
699 2842 710 2878 ,
752 2814 802 2864 ne
822 2796 863 2864 in
887 2792 1020 2867 eadem
1040 2818 1097 2865 ar-

65 2962 152 3024 modo
168 2961 272 3021 factus
287 2954 347 3031 est,
387 2979 481 3040 quem
498 2979 578 3041 pro·
602 2955 724 3019 honore
746 2963 933 3041 compellent
963 2963 1027 3023 Vir
1045 2963 1097 3024 Ill.

65 3085 177 3126 raone
189 3058 271 3122 insto
281 3059 395 3121 hebere
411 3080 477 3122 non
489 3061 559 3144 pos·
600 3062 716 3122 Totum
726 3059 808 3121 hunc
821 3081 939 3122 morem
954 3062 1096 3138 facetum,

63 3163 136 3227 lum:
179 3185 253 3225 cnm
267 3185 296 3224 v.
312 3184 339 3223 c.
366 3162 504 3223 scribitur
524 3168 559 3224 in
599 3162 651 3223 seu
666 3166 766 3222 verius
781 3167 931 3242 ineptum,
946 3184 1009 3246 quo
1025 3186 1098 3224 cae-

63 3286 194 3330 extrem
210 3268 297 3328 linea
311 3287 398 3326 aue·
414 3271 448 3326 in
464 3267 558 3327 altera
600 3262 708 3324 dimus
745 3280 779 3323 et
818 3263 956 3324 totidem
987 3267 1096 3347 plagis

64 3385 209 3440 trimum
245 3390 319 3449 ag-
332 3389 427 3436 men,
465 3383 497 3428 et
516 3366 558 3428 fic
600 3368 817 3445 consumimus
830 3365 960 3445 hostem,
979 3373 1096 3432 vtinam

63 3494 161 3555 porro.
220 3473 283 3535 Aut
305 3469 328 3531 fi
348 3473 556 3549 interpunctio
599 3469 748 3530 sublatum
793 3468 853 3531 elle
887 3471 980 3530 vellet
1012 3489 1094 3535 aetat

65 3577 97 3636 ed
116 3577 234 3638 calcem
261 3570 479 3656 parentheseos
500 3592 557 3652 po·
598 3570 710 3633 nostra.
768 3572 842 3633 Non
858 3594 895 3631 ex
908 3574 979 3634 loco
995 3589 1027 3635 et
1044 3596 1095 3637 or·

65 3684 154 3754 uitur,
193 3694 225 3740 et
242 3674 285 3738 fic
301 3676 371 3736 alie.
416 3674 558 3734 Nomini-
599 3675 671 3735 dine
687 3695 722 3734 ac
737 3675 902 3757 dignitate,
930 3696 1037 3737 verum
1056 3700 1095 3739 ex

67 3777 113 3842 but
129 3786 265 3843 virorum
281 3779 459 3851 doctorum,
479 3798 557 3861 quot
597 3781 736 3861 ingenio,
765 3777 903 3837 doctrina
920 3793 952 3838 et
965 3783 1092 3854 meritis,

70 3888 315 3957 commemoraui,
336 3884 479 3961 inprimis
496 3884 556 3940 vite
598 3884 653 3940 viri
665 3879 790 3938 litterati
805 3879 872 3939 sunt
886 3881 1046 3954 censendi;
1062 3898 1095 3943 et

72 3985 284 4064 defunctorum,
324 3983 417 4046 nolui
443 3979 556 4064 vbique
597 3984 725 4042 nomine
742 3987 908 4063 cuiuspiam
923 3985 1029 4046 audito
1051 3983 1095 4044 os·

74 4090 179 4156 adiicere
196 4091 336 4157 honoris
357 4079 473 4145 curtile:
493 4084 557 4145 Vir
597 4083 780 4167 surgendum
795 4081 848 4159 est,
875 4105 942 4147 non
956 4086 1047 4147 titulo
1062 4098 1094 4144 et
1209 4098 1212 4103 ·

76 4190 108 4251 Cl.
127 4215 170 4260 rut
186 4218 255 4288 qno
282 4207 379 4267 nunc
395 4185 427 4250 re
445 4201 555 4248 mutuo
597 4185 717 4249 honore
736 4190 948 4269 pronuntiato.
