2692 4914
126 349 194 442 ,74
344 342 386 416 Ρ.
407 336 942 420 vrnetnnnlnorus

141 529 183 609 Si
201 525 334 620 nescis,
365 553 472 604 meus
493 528 558 603 ille
578 551 689 627 caper
708 525 794 607 fuito
840 546 879 603 et
905 527 998 601 mihi
1014 527 1172 599 Damon

68 673 70 676 ’
141 661 221 765 Iple
241 662 442 754 fatebatur;
481 661 544 737 led
568 661 728 737 reddere
746 658 848 762 polle
868 664 1040 762 negabat.

141 824 182 871 u.
200 797 397 882 Cantando
423 814 465 870 tu
484 794 614 880 illum‘,l
666 813 732 869 aut
759 821 935 898 umquam
962 797 1031 874 tihi
1052 794 1171 871 fistula

755 942 841 992 cena
1122 913 1170 988 25

142 1060 273 1132 Iuncta
291 1051 384 1132 fuit?
419 1077 499 1128 non
513 1054 608 1132 tuin
621 1053 756 1140 triuiis,
782 1050 952 1143 indocte,
976 1049 1118 1128 solebas

141 1190 319 1265 Stridenti
342 1185 512 1261 miserum
533 1184 661 1286 stipula
687 1185 901 1286 disperdere
921 1183 1122 1262 carment·

141 1351 178 1397 n.
200 1327 264 1398 Vis
279 1347 379 1422 ergo,
395 1328 590 1411 internos,
607 1319 699 1422 quid
711 1319 818 1421 polllt
828 1340 995 1423 vterque,
1017 1315 1170 1393 victffim

140 1456 403 1557 Experiamur?
434 1481 504 1557 ego
519 1456 616 1531 hanc
629 1455 780 1529 vitulam
803 1460 872 1555 (ne
894 1453 993 1531 forte
1011 1451 1168 1544 recuses,

141 1595 200 1666 Bis
215 1597 318 1666 venit
338 1592 388 1665 ad
409 1591 621 1680 mulctram,
647 1589 759 1665 binos
776 1589 839 1662 alit
852 1589 967 1665 vbere
983 1588 1097 1680 fetus)
1119 1588 1177 1660 30.

141 1727 326 1826 Depono:
357 1745 400 1800 tu
414 1725 492 1819 dic,
524 1750 672 1800 mecum
693 1749 769 1826 quo
790 1728 947 1824 pignore
965 1740 1100 1799 certes.

142 1890 183 1940 tt.
202 1863 265 1938 De
292 1887 405 1975 grege
446 1887 528 1935 non
573 1856 688 1936 aufim
733 1858 940 1961 quidquam
978 1857 1171 1965 deponere

758 1997 902 2058 tecum:

209 2138 243 2191 ’ὅ
264 2155 344 2209 quem
362 2137 434 2188 mill
453 2135 579 2190 llottend.
601 2135 650 2189 lec.
738 2136 773 2190 25
790 2136 861 2189 haut
877 2155 1004 2207 unquam
1022 2135 1107 2190 Goth.
1127 2154 1166 2206 pr.

141 2240 191 2295 pro
209 2236 274 2284 aut,·
305 2220 426 2274 nonnulli
452 2221 534 2274 haud
550 2220 622 2288 apud
639 2222 728 2272 Burm.
750 2237 777 2274 et
795 2222 872 2275 Pierii
892 2222 1037 2276 Modicam.
1073 2222 1169 2275 Cetera

140 2304 234 2361 Ilmilit
252 2306 307 2360 Eel.
322 2308 354 2367 11,
369 2309 411 2361 32.
478 2309 513 2360 26
531 2309 634 2360 Vincta
652 2305 730 2359 Rom.
745 2305 847 2368 etalii,
866 2305 977 2360 sollenni
994 2304 1075 2375 lapsu.
1113 2306 1168 2360 Sed

141 2391 192 2444 vid.
206 2391 294 2445 Heinl.
337 2390 469 2446 Nonnulli
488 2410 554 2444 num
574 2406 618 2451 tu,
643 2407 704 2443 etv.
720 2409 752 2459 27
777 2411 841 2445 vnus
860 2390 948 2446 Heius.
970 2393 1076 2464 mism.
1128 2393 1172 2447 dt-

132 2478 269 2549 sporgere
288 2475 333 2530 ml·
356 2477 498 2549 Longnich.
519 2477 593 2549 quod
611 2476 690 2534 etiam
705 2475 864 2532 Wakefield.
883 2477 912 2531 in
929 2478 1048 2532 animum
1065 2495 1172 2534 venerat

143 2562 178 2621 ad
196 2566 298 2618 Lucrot.
319 2565 340 2625 l,
362 2565 421 2637 418.
765 2580 769 2588 ·

141 2715 269 2762 moetus.
314 2701 408 2764 anst
423 2698 534 2776 nescis,
556 2697 586 2759 h.
600 2713 634 2758 vt
675 2699 810 2777 alterne3
831 2699 871 2760 ed
888 2695 1094 2770 omoeb'eeum
1108 2722 1172 2762 cer.

143 2802 203 2864 hoc
223 2802 305 2876 scies,
340 2823 382 2862 ne
413 2800 472 2862 hoc
498 2805 631 2883 ignores.
674 2822 749 2862 rnen
785 2800 990 2863 referendum.
1028 2803 1066 2862 cf.
1104 2804 1170 2863 Ecl.

144 2907 237 2968 Ouid.
264 2901 357 2986 Epist.
384 2906 464 2977 XX,
491 2906 551 2966 150
600 2903 635 2962 Si
674 2905 721 2977 V,
745 2906 796 2966 50.
844 2905 1011 2965 Damoetas
1045 2926 1173 2966 vaccam

142 3011 256 3086 nescis,
280 3006 450 3069 danninum
468 3026 520 3066 res
534 3005 634 3066 habet
675 3010 709 3066 in
729 3003 890 3087 sponfione
914 3007 1052 3068 collocet.
1087 3008 1170 3068 conf.

142 3112 204 3192 esta
214 3113 326 3190 suum.
674 3106 808 3169 Theocr.
823 3109 906 3181 VIII,
926 3129 959 3168 11
973 3108 1015 3190 sq.
1058 3112 1112 3172 50.
1132 3131 1170 3170 ex

184 3217 237 3276 25.
265 3209 438 3273 Cantando
462 3223 498 3268 tu
520 3208 636 3268 illum?
675 3208 808 3271 Theocr.
828 3210 855 3282 1,
877 3212 926 3272 25.
953 3213 1003 3274 26.
1045 3207 1098 3272 Est
1118 3231 1172 3271 nu·

142 3312 243 3376 vieille
271 3329 302 3373 te
328 3313 392 3373 ais?
436 3310 473 3371 cl.
500 3308 633 3370 Theocr.
676 3328 740 3374 tem
753 3318 884 3373 iuuenca
897 3305 1102 3390 artemium·
1116 3314 1173 3373 nli.

141 3417 182 3489 V,
196 3418 226 3478 5.
271 3437 321 3496 27.
346 3415 383 3472 iu
397 3411 559 3473 triuiis-
575 3411 635 3472 mi-
676 3429 724 3474 ter
745 3435 838 3496 quem
859 3414 943 3495 opud
956 3412 1171 3490 Theocritum,

131 3519 248 3598 serum
278 3515 382 3576 addite
409 3512 564 3593 iutellige,
603 3528 634 3571 vt
675 3519 709 3576 in
731 3538 794 3599 quo
816 3522 847 3587 ἐς
871 3509 920 3581 δύο
941 3515 1062 3588 πέλλας
1090 3515 1173 3599 posi-

142 3617 272 3692 efficiet,
304 3639 342 3679 en
363 3611 423 3676 effe
447 3633 540 3694 quam
557 3612 635 3672 vilis·
675 3633 741 3678 turn
756 3616 815 3692 est,
837 3635 870 3679 vt
887 3633 1007 3681 tantum
1024 3620 1112 3682 lactis
1133 3613 1192 3682 ex'

141 3720 232 3800 fima3
266 3722 309 3781 vti
337 3713 524 3799 anpodere
547 3712 577 3774 h·
606 3735 633 3776 e·
675 3721 792 3781 mulctu
809 3725 990 3802 proueniat,
1019 3740 1174 3806 quannnn

143 3843 350 3904 corrumpere,
375 3823 481 3879 vitiare
487 3860 498 3891 ,
526 3817 635 3898 depre-
676 3821 715 3880 ad
742 3821 805 3883 duo
825 3824 993 3884 mulctralie
1019 3826 1173 3906 replenda

140 3949 229 4004 vare,
265 3919 412 3984 inuidioso
433 3940 492 4000 pro
513 3940 633 3980 canere.
675 3922 743 3983 satis
759 3922 802 3988 fit.
840 3929 961 4006 pignus
976 3926 1093 3987 dictum
1111 3949 1172 4008 pro

142 4036 180 4094 in
198 4030 321 4101 trr'nir's,
348 4022 446 4084 multo
472 4025 574 4086 minus
599 4027 634 4083 in
674 4021 846 4105 Iponsrone.
882 4030 920 4092 cf.
934 4027 1068 4092 Theocr.
1083 4030 1170 4109 VIII,

142 4136 318 4196 certamine.
679 4135 717 4206 ¹4
738 4127 780 4210 sq.

187 4225 384 4319 cdviofflm
397 4224 456 4290 nl
470 4229 631 4310 pervices,
715 4230 768 4294 52.
800 4230 933 4296 Theocr.
956 4232 1046 4312 VIII,
1068 4235 1107 4298 15
1123 4233 1168 4318 lq.
