2692 4914
135 360 288 412 ‚xnrrrr
347 336 349 340 ’
493 333 878 417 PRAEFATIO

153 544 297 618 Contra
316 533 560 640 molestilllma
588 563 646 613 res
673 532 741 628 est,
780 534 827 630 a,
873 533 978 638 quod
1003 563 1082 638 pro
1108 535 1192 638 sao

20 738 23 743 .
141 674 265 776 sensu
277 669 445 747 Heinsius
463 677 633 762 eiecerat,
651 670 819 772 prosae
828 669 949 768 sensu
960 673 1196 746 Burmannus

155 824 369 911 receperat,
390 807 494 882 idem
508 833 585 907 pro
604 833 691 878 meo
701 803 820 904 sensu
841 809 977 879 iterum
1000 809 1142 895 eiicio„
1160 821 1199 878 vt

109 1022 112 1027 ,
157 942 252 1015 alius
266 924 343 1041 prb
357 940 572 1039 sensusne
594 938 813 1015 hocitidem
828 937 1002 1038 expellat.
1055 939 1199 1013 Verum

157 1075 209 1150 de
222 1093 304 1148 toto
319 1075 395 1149 hoc
413 1099 551 1173 genere
564 1093 629 1147 aut
643 1073 751 1174 plura
765 1071 926 1146 dicenda
950 1068 1049 1163 sunt,
1083 1097 1199 1172 quam

160 1233 260 1312 quae
275 1209 337 1282 hic
354 1207 461 1282 locus
483 1212 600 1307 capit,
623 1225 698 1297 aut,
715 1204 741 1280 ll
760 1209 890 1309 paucis
909 1229 990 1278 rem
1008 1205 1199 1305 expedias,

162 1340 305 1416 diuersa
325 1338 563 1415 statuentium
576 1341 632 1414 his
651 1340 827 1418 derebus
846 1339 1003 1431 iudicia,
1039 1335 1199 1416 fimodo

160 1474 302 1553 iudicia
327 1472 427 1569 sunt,
468 1479 529 1546 vix
552 1473 754 1549 refinxeris.

255 1611 382 1711 Copiis
406 1612 556 1701 criticis,
589 1608 687 1683 vnde
705 1608 794 1684 huic
814 1631 940 1681 nouae
957 1602 1117 1680 editioni
1137 1605 1203 1680 ali·

161 1743 256 1848 quid
280 1746 492 1818 ornamenti
514 1743 729 1833 accederet,
768 1739 848 1816 rsus
878 1739 955 1813 sum
980 1739 1082 1813 haud
1111 1766 1204 1815 con·

2 1871 5 1877 ¹
161 1877 387 1955 temnendis.
462 1877 590 1950 Primo
617 1875 771 1978 quidem
805 1874 945 1950 schedis
975 1877 1034 1947 Io.
1060 1875 1203 1948 Schra-

111 2058 114 2063 -
165 2015 273 2092 deri,
313 2015 379 2085 viri
407 2008 621 2104 doctiffimi,
653 2015 758 2087 cuius
782 2007 912 2083 subtile
935 2011 976 2080 in
1004 2032 1047 2082 re
1073 2013 1204 2085 critica

164 2147 360 2244 ingenium
394 2168 442 2220 ex
478 2143 811 2220 Emendationibus
851 2148 893 2217 in
927 2142 1053 2217 lucem
1090 2141 1202 2216 editis

87 2341 95 2353 .
164 2277 399 2380 perspectum
416 2278 613 2356 habebam.
664 2276 828 2352 Schedas
848 2281 927 2352 eius
940 2282 981 2349 in
995 2275 1203 2373 Virgilium,

163 2416 207 2486 in
227 2416 404 2487 auctione
434 2411 668 2515 supellectilis
694 2408 864 2486 librariae
884 2427 1090 2487 veneuntes
1117 2434 1206 2483 cum

165 2541 237 2619 suis
269 2549 387 2645 copiis
416 2545 526 2621 huius
556 2549 701 2646 generis
731 2539 1032 2644 inferreipollet,
1072 2544 1207 2624 maluit

165 2673 287 2752 vfibus
312 2682 404 2753 meis
432 2684 648 2780 permittere
674 2684 730 2752 vir
754 2673 1030 2752 humaniffimus
1054 2696 1093 2751 et
1115 2681 1206 2750 ami·

166 2808 343 2902 ciffimus,
383 2815 506 2886 Laut.
527 2839 612 2886 van
634 2815 801 2892 Santen,
833 2815 863 2884 Ι.
878 2813 924 2885 V.
939 2813 1007 2900 D.;
1045 2835 1108 2885 eas
1136 2816 1206 2883 ita·

168 2967 246 3043 que
278 2949 322 3017 in
351 2945 584 3022 Bibliotheca
618 2943 741 3020 nostra
777 2944 1002 3020 Academica
1042 2942 1204 3043 reposui.

26 3070 28 3074 ⁴
167 3079 334 3175 Operam
354 3078 605 3154 adhibendam
628 3078 701 3156 elle
720 3079 795 3154 vidi
818 3077 926 3153 valde
945 3073 1138 3150 molestam
1159 3103 1206 3154 ac

167 3207 359 3286 difficilem
376 3214 608 3298 ,extnoandis
637 3215 856 3303 innumeris,
905 3214 1070 3312 quaein
1099 3211 1206 3287 char-

167 3360 247 3417 tam
265 3351 496 3438 coniecerat,
541 3345 659 3421 modo
679 3351 884 3422 memoriae
907 3340 1045 3436 caulla,
1084 3344 1204 3422 modo

165 3493 206 3550 rt
227 3481 327 3550 varia
347 3497 525 3572 tentaret,
552 3479 703 3556 diuerfis
723 3478 877 3582 quidem
898 3475 1133 3578 temporibus
1146 3502 1206 3552 re·

164 3614 365 3711 petitisque
383 3613 542 3704 vicibus,
569 3632 607 3688 vt
623 3619 856 3716 exquirerem
878 3638 923 3687 ac
943 3610 1135 3712 seligerem
1151 3610 1204 3703 id,

165 3742 273 3842 quod
295 3751 349 3818 vir
369 3746 594 3823 doctilllmus
616 3747 840 3848 probaturus
862 3741 983 3819 luillet
1003 3743 1080 3846 ipse
1106 3763 1146 3820 et
1164 3748 1206 3818 in

163 3875 290 3951 lucem
319 3880 554 3979 proditurus:
594 3885 750 3957 iniurius
772 3885 873 3957 enim
902 3875 990 3955 effet
1008 3883 1050 3952 in
1071 3882 1205 3955 Manes

163 4014 233 4084 viri
262 4010 383 4106 docti,
434 4019 500 4116 qui
518 4020 646 4089 omnia
673 4021 752 4093 eius
778 4014 957 4089 meditata
982 4012 1137 4113 vulgare
1157 4038 1206 4087 ex

164 4141 308 4223 schedis
328 4143 505 4248 postumia
524 4148 647 4226 vellet.
712 4147 876 4252 Apposui
905 4150 1017 4250 igitur
1044 4146 1129 4240 illa,
1163 4151 1206 4222 in
