2692 4914
163 327 231 403 ¹42
367 312 411 384 Ρ.
434 312 688 389 VIRGILII
720 310 982 389 MARONIS

160 511 290 603 Quum
307 525 482 603 cunerem
498 522 604 601 reges
626 521 664 576 et
679 499 841 602 proelia,
868 495 1048 594 Cynthius
1064 520 1196 572 aurem

159 635 291 729 vellit,
328 654 367 710 et
385 635 599 729 admonuit:
640 632 846 725 Pastorem,
873 637 1019 728 Tityre,
1045 637 1196 734 pinguis

30 847 33 856 ,
158 766 314 849 Pascere
334 788 487 870 oportet
502 775 594 861 ouis,
622 766 826 843 deductum
846 768 971 844 dicere
987 794 1152 844 carmen.
1172 767 1195 841 5

158 910 272 985 Nunc
291 929 381 1006 ego;
417 928 583 1005 namque
602 898 710 1016 super
729 889 801 976 tibi¹
817 922 946 995 erunt,
981 908 1047 1005 qui
1066 902 1197 977 dicere

774 1035 917 1127 laudes,

159 1176 275 1264 vare,
310 1188 394 1246 tuus
417 1168 590 1271 cupiant,
620 1188 659 1246 et
679 1165 792 1244 tristia
812 1171 977 1245 condere
1000 1168 1120 1260 belia3

126 1399 128 1402 ,
223 1343 389 1412 dadmouit
407 1342 534 1399 Rottend.
549 1361 580 1397 ex
592 1360 666 1396 moro
685 1341 772 1396 librar.
808 1342 959 1415 Pastorum
982 1342 1077 1414 Tityre
1097 1342 1193 1395 vitium

156 1429 200 1484 ed.
219 1429 288 1483 Rob.
316 1427 408 1499 Steph.
484 1429 625 1483 §ducere
647 1429 743 1481 Moret.
766 1444 849 1499 quart.
872 1443 899 1481 et
918 1428 986 1480 Ven.
1037 1427 1195 1482 deductum

157 1531 269 1568 carmen
286 1534 318 1568 ex
328 1514 356 1567 h.
372 1512 391 1565 l.
407 1515 538 1567 memoret
552 1512 680 1584 Quinctil.
694 1514 766 1574 Vnt,
784 1531 810 1575 2,
824 1530 849 1584 9.
903 1551 904 1554 η
919 1529 935 1582 7
958 1515 1048 1566 [ἀπε
1060 1512 1193 1578 Parthas..

153 1601 199 1657 hic
217 1616 244 1655 et
256 1601 284 1652 in
297 1598 352 1674 sqq.
390 1601 506 1670 eupiunt
519 1599 573 1653 duo
587 1598 686 1654 Mureti
704 1613 731 1653 et
743 1597 836 1671 fragm.
849 1599 981 1670 Antwerp.

152 1775 190 1816 ec
211 1749 362 1835 praefidio
384 1727 534 1816 creditum
556 1755 670 1818 habe·
691 1755 774 1817 vnde
802 1759 837 1814 in
868 1753 916 1815 ed.
944 1752 1045 1813 Lond.
1070 1753 1193 1833 Knapt.

21 1908 24 1912 .
152 1855 261 1917 betur:
289 1854 375 1939 quod
395 1854 500 1917 saltem
519 1863 650 1919 auctori-
689 1859 864 1939 repetitus.)
934 1858 965 1919 5.
1009 1853 1193 1914 deductum

151 1973 216 2020 tute
252 1956 353 2019 Schol.
390 1959 550 2040 Apollonii
575 1963 647 2043 Arg.
691 1981 842 2028 carmen,
880 1980 916 2019 ex
946 1955 1008 2037 ipsa
1037 1955 1192 2018 sementia

150 2059 241 2132 111,1
275 2061 419 2121 traditur:
477 2056 595 2126 Θάλεια
616 2064 649 2126 δὲ
690 2077 818 2144 apparet
833 2057 892 2122 effe
908 2076 1017 2134 tenue,
1038 2074 1070 2117 vt
1086 2057 1191 2139 pasto-

151 2160 289 2239 (λέγεται
310 2153 475 2247 εὑρηκέναι)
502 2163 648 2247 γεωργίαν
688 2169 809 2235 titium
838 2160 1012 2244 oppositum
1028 2162 1190 2244 grandiori

150 2264 203 2328 uui
218 2258 274 2346 τήν
294 2266 364 2349 περὶ
386 2261 426 2330 τὰ
446 2259 531 2344 (Porti
550 2287 668 2349 upupa
689 2270 789 2346 epico.
838 2265 886 2325 Ita
906 2281 1011 2325 tumen
1031 2265 1190 2325 adiectum

152 2360 310 2444 potestat.
359 2366 390 2429 5.
415 2367 525 2428 Voluit
552 2372 647 2450 igitur
690 2383 847 2448 expectes:
877 2372 963 2427 tenui
978 2366 1049 2439 filo,
1077 2382 1112 2425 vt
1135 2388 1187 2448 ap.

148 2466 239 2527 Maro
261 2466 435 2528 adolescens
452 2470 576 2552 aggredi
590 2467 645 2530 sta·
688 2472 797 2531 Horat.
823 2470 852 2529 11
872 2470 930 2549 Ep.
952 2468 984 2542 Ι,
1007 2469 1067 2529 225
1091 2473 1189 2528 tenui

148 2571 205 2626 tim
220 2589 314 2648 epos:
338 2590 429 2648 reges
444 2586 477 2629 et
494 2573 646 2655 praelia:
687 2571 830 2632 deducta
845 2585 1003 2652 poemata
1013 2570 1088 2650 silo.
1132 2569 1188 2633 Est

147 2669 252 2751 (quod
281 2675 381 2732 minus
406 2671 487 2734 bene
516 2675 555 2736 de
585 2691 644 2736 tre·
686 2679 769 2734 enim
790 2679 922 2756 petitum
935 2671 995 2733 hoc
1017 2693 1034 2731 a
1053 2673 1127 2732 lana
1150 2678 1187 2735 in

147 2772 258 2852 goedia
290 2777 510 2854 interpretetur
539 2775 642 2837 Heins.
685 2775 769 2836 filum
787 2777 929 2837 deducte.
971 2773 1066 2835 Ausus
1089 2779 1208 2858 igitur¹

149 2869 294 2934 fld0u'1d.
310 2875 354 2934 lv
370 2897 406 2936 ex
422 2878 456 2936 P.
474 2899 503 2951 2,
523 2879 557 2958 1)
577 2879 644 2938 Ou·
685 2874 728 2938 est
745 2894 838 2959 poete
852 2876 1028 2936 deductum
1044 2876 1185 2940 absolute

147 2972 211 3034 din·
225 2975 259 3030 in
273 2970 353 3039 Mlsc.
373 2976 458 3051 Obss'.
484 2984 549 3039 crit.
566 3001 642 3042 nou.
683 3001 742 3062 pro
764 2987 851 3042 tenui
866 3000 1003 3061 ponere;
1033 2981 1079 3040 Ex
1094 2983 1185 3042 Afra·
1214 3046 1216 3051 ,

146 3073 207 3136 Το.
228 3074 284 3145 IV,
309 3095 340 3153 P·
362 3074 422 3146 Μ
445 3082 484 3142 ad
503 3083 642 3145 Culicem
683 3087 738 3143 nio
781 3098 814 3144 et
849 3081 1016 3142 Cornificio
1053 3081 1185 3144 illustret

148 3175 210 3238 hoc
226 3173 333 3246 trahit,
355 3173 590 3247 Pseudedonflto
610 3201 643 3246 et
683 3183 768 3244 vsum
795 3206 861 3246 voc.
884 3181 1024 3245 Macrob.
1053 3184 1118 3258 vl,
1148 3193 1182 3265 4,

146 3280 257 3339 Seruio
277 3275 440 3336 aduocato.
492 3281 581 3347 Poffis
604 3308 642 3348 ex
683 3307 714 3367 p.
730 3287 801 3366 595.
817 3289 889 3365 596.

146 3381 256 3440 Seruio
272 3381 366 3436 etiam
384 3375 530 3448 laudare,
557 3389 642 3464 quod
727 3390 756 3450 6.
778 3389 836 3467 qui
848 3387 958 3448 dicere
972 3384 1091 3446 laudes
1104 3401 1184 3446 tuas

144 3504 194 3545 res
216 3481 372 3541 Romanus
393 3476 446 3537 seu
467 3499 576 3562 regum
591 3483 643 3543 Al·
685 3491 828 3564 cupiant,
847 3494 900 3574 qui
915 3509 1040 3549 cannen
1054 3492 1183 3570 epicum

145 3583 299 3645 banorum
315 3576 465 3665 eggressus
482 3579 642 3647 esseMaro
685 3588 828 3648 condant
870 3594 985 3674 Magne
1008 3612 1085 3652 vero
1108 3612 1181 3651 cum

143 3685 251 3748 fertur.
279 3683 341 3745 Sed
355 3690 465 3764 parum
478 3698 544 3743 tuta
557 3682 642 3761 haec,
683 3686 838 3750 venustate
852 3716 917 3754 rem
932 3692 1059 3752 advari
1071 3693 1181 3755 leudes

144 3810 216 3850 cum
232 3789 296 3847 aliis
311 3783 593 3867 up.Pseudodonat.
608 3793 641 3853 in
683 3789 791 3852 trahit:
827 3813 862 3852 ee
881 3793 904 3855 fi
926 3793 986 3854 hoc
1006 3798 1088 3874 epici
1113 3817 1182 3856 car-

143 3892 218 3952 Vite
246 3890 267 3952 s.
297 3890 348 3952 28.
384 3909 500 3947 aorem
530 3889 641 3960 vellit:
681 3897 771 3954 minis
798 3912 1012 3977 argumentum
1032 3895 1181 3958 constitu·

144 4009 238 4057 notut
262 3992 451 4053 admonendi
472 4013 554 4065 mot,
586 3998 640 4076 qui
681 4011 747 4055 tum
763 3994 920 4059 habuisset.
943 4000 1181 4062 Varumeutem

145 4098 224 4158 adeo
254 4100 289 4156 in
315 4098 442 4180 gemmis
475 4093 637 4177 expressus.
679 4117 727 4157 res
746 4096 830 4159 bollo
845 4096 959 4182 geffiffe
979 4100 1100 4162 necesse
1123 4101 1179 4178 est,

143 4200 183 4277 (v.
198 4199 338 4262 Museum
351 4197 432 4261 Flor.
448 4198 485 4268 T.
495 4198 534 4275 11,
552 4213 573 4262 t.
585 4222 636 4277 22,
679 4213 712 4269 tt
728 4203 793 4265 eius
812 4201 899 4266 bella
917 4201 1027 4274 condi,
1048 4226 1180 4269 carmen
