2692 4914
328 318 1029 425 nvcoutca-ecu.·v‚57.-aa
1136 332 1206 408 135

155 512 237 614 ipi'a
260 510 395 586 sonant
423 513 584 589 arbusta:
634 515 744 606 deus,
779 512 870 589 deus
890 515 970 607 ille,
1006 515 1197 627 Menalca!

153 649 211 722 Sis
236 646 362 724 bonus
379 649 595 751 ofelixque
619 652 707 724 tuis!
748 674 796 724 en
821 668 983 750 quatuor
1009 675 1105 722 aras:
1146 649 1194 726 65

152 785 255 855 Ecce
277 780 372 856 duas
398 782 482 872 tibi,
511 784 681 884 Daphni,
715 783 805 858 duas
829 783 959 857 altaria
977 782 1153 875 Phoeb0;

151 915 300 990 Pocula
328 914 417 988 bina
439 943 544 991 nouo
568 916 771 1019 spumantia
797 915 896 994 lacte
918 937 1013 1019 quot
1036 921 1142 991 annis

152 1052 406 1149 craterasque
437 1050 514 1125 duo
542 1049 695 1129 statuam
716 1051 785 1127 tibi
805 1056 953 1153 pinguis
986 1052 1090 1126 oliui.
1144 1085 1145 1088 ¹

214 1232 252 1297 64
266 1230 339 1283 dous
354 1229 413 1303 ipse
431 1229 552 1303 longob.
567 1247 593 1285 et
610 1231 708 1285 Medic.
742 1233 894 1285 Menalcas
908 1233 992 1287 Goth.
1007 1251 1047 1305 pr.
1105 1231 1140 1286 65
1150 1251 1190 1285 art

147 1314 257 1386 Μῆτις.
328 1317 364 1370 66
383 1315 496 1387 duoque
517 1318 623 1370 altaria
644 1316 721 1388 vulgo
742 1333 803 1369 tute
820 1315 909 1374 Heins.
954 1318 1011 1371 duo
1033 1318 1139 1371 altana
1158 1319 1188 1372 in

148 1399 297 1453 nonnullir.
346 1401 418 1455 duas
437 1404 546 1455 altario
564 1403 616 1462 iam
635 1421 650 1454 e
666 1400 784 1472 Longob.
806 1401 934 1473 probabat
952 1403 1036 1464 Pion,
1058 1422 1089 1456 ox
1110 1402 1182 1456 Gud.

149 1501 173 1538 et
191 1486 250 1538 aliis
271 1483 499 1541 adhumanas.
578 1490 612 1542 68
632 1488 816 1557 craterasque
835 1488 887 1541 iam
906 1488 968 1542 inde
986 1488 1018 1542 ab
1039 1487 1108 1542 Aldo
1128 1487 1184 1541 odi-

148 1587 203 1632 tur;
236 1570 267 1622 iu
290 1569 348 1623 aliia
371 1574 560 1643 crateresque
611 1571 711 1624 Contra
731 1572 816 1643 vulgg.
838 1573 916 1625 duos.
964 1577 999 1628 At
1020 1575 1076 1627 duo
1100 1575 1183 1625 ieme

146 1656 227 1709 Rom.
247 1656 449 1710 commendauit
467 1658 550 1720 Pien,
579 1655 750 1716 nuncHoins.
765 1659 875 1729 recepit,
900 1656 956 1710 aliia
979 1657 1180 1711 affcntientibur.

148 1744 244 1793 oliuae
264 1739 321 1793 duo
333 1743 430 1795 Moret.
453 1758 479 1798 et
497 1742 588 1810 fragm.
634 1743 785 1814 interpunxi
799 1761 869 1794 nuuc
883 1742 960 1812 pleno
974 1741 1032 1813 post
1050 1746 1129 1803 oliui,
1152 1743 1181 1796 in

149 1825 198 1881 fine
210 1824 244 1878 vt
259 1826 304 1880 68.
338 1842 365 1881 η
384 1823 484 1879 diuersa
502 1824 554 1881 fint
568 1824 638 1899 seqq.
660 1825 868 1900 asuperioribut.
893 1845 916 1878 v.
935 1826 1046 1883 Notum.

149 1961 218 2021 cidit
239 1959 399 2021 dubitatio
414 1960 559 2034 Martini,
591 1965 644 2043 qui
685 1977 763 2022 tuor
790 1976 960 2043 ponuntur.
1009 1961 1103 2022 Cuius
1133 1962 1179 2020 rei

148 2084 213 2126 non
237 2061 298 2124 nifi
332 2084 356 2121 a
387 2060 517 2144 pecude
545 2060 645 2142 depa-
685 2065 830 2147 equidem
850 2068 1003 2126 rationem
1016 2066 1093 2124 noui
1109 2061 1178 2122 nul-

141 2167 205 2246 ¹fios
232 2166 369 2248 intelligi
390 2161 476 2244 poffe
504 2164 643 2244 putabat.
684 2167 756 2227 lam.
835 2170 885 2233 66.
923 2163 1008 2231 duas
1048 2165 1176 2229 altaria

147 2271 194 2346 64.
231 2269 263 2327 Ο
287 2267 457 2354 Menalca,
499 2265 562 2345 ipsa
597 2288 645 2326 ar·
683 2268 836 2337 Phoebo,
862 2268 938 2330 duas
956 2289 1020 2329 arae
1036 2265 1177 2338 Phoebo,

146 2367 227 2430 busta
245 2367 410 2431 resonant:
448 2367 546 2441 Deus,
567 2368 643 2435 deus
685 2392 763 2454 quae
784 2368 843 2438 tint
863 2372 985 2442 altaria3
1014 2386 1062 2443 vt,
1091 2365 1177 2452 quod

146 2472 207 2536 ssle!
684 2473 847 2536 discrimen
860 2478 939 2535 inter
955 2489 1119 2554 utrumque
1133 2467 1178 2526 fa·
1313 2552 1316 2559 ‚

185 2577 234 2640 65.
273 2575 368 2633 Nunc
388 2570 504 2632 sacrum
531 2576 561 2632 ei
587 2592 642 2633 an·
684 2580 769 2638 ciunt
787 2580 991 2659 grammatici,
1016 2582 1109 2654 poeta
1132 2565 1177 2627 se·
1216 2603 1230 2639 3

147 2695 236 2736 uuum
254 2676 407 2737 decernit.
450 2675 553 2734 Primo
569 2696 640 2734 eum
683 2695 794 2761 quatur
814 2679 892 2756 (vid.
906 2677 1045 2750 Heinfi),
1071 2667 1173 2730 Phoe·

147 2780 283 2840 inuocat:
302 2775 354 2852 sar
376 2775 480 2834 bonus
501 2799 520 2835 o
536 2778 641 2857 felix-
681 2781 786 2864 boque
820 2782 917 2850 adeo,
952 2791 1107 2853 tamquam
1134 2791 1172 2830 ex

148 2901 202 2958 que
218 2882 296 2950 tuit.
315 2879 408 2959 felix
422 2877 466 2941 est
477 2884 638 2960 propitius,
682 2882 794 2964 superis
810 2884 882 2953 diis,
905 2878 1009 2945 altare,
1030 2870 1172 2951 Daphni·

149 2997 175 3039 tt
191 2984 271 3042 Aen.
293 2980 329 3053 1,
348 2983 411 3042 530
456 2982 507 3041 Sis
536 2983 641 3061 felix,
682 2986 724 3058 di,
739 2985 836 3055 heroi,
849 2999 929 3040 aram
943 2975 1074 3039 dedicet.
1097 2974 1173 3034 Non

150 3082 353 3164 rostrumque
370 3081 458 3140 leues
476 3105 640 3166 quaecun-
682 3103 785 3147 tamen
811 3085 909 3163 placet
937 3081 971 3136 in
998 3089 1095 3156 poeta
1118 3069 1172 3134 ista

150 3204 204 3265 que
231 3185 393 3246 laborem.
434 3207 462 3245 v.
494 3188 579 3247 Seru.
607 3202 639 3250 et
681 3185 863 3270 grammatici
875 3180 1040 3256 subtilitas3
1064 3191 1096 3238 et
1113 3197 1173 3256 po·

150 3285 243 3368 lntpp.
266 3287 344 3348 Mox
358 3285 475 3349 sacrum
489 3293 553 3348 eius
569 3311 638 3348 cum
679 3306 764 3347 tuere
787 3284 849 3344 duo
877 3280 1026 3343 vocabula
1054 3283 1171 3361 promi·

152 3388 201 3449 alio
215 3388 307 3450 daero
322 3387 443 3452 Phoebi
463 3395 636 3474 coniungit:
676 3389 745 3451 seue
761 3400 886 3468 apoeta
906 3387 994 3465 poni,
1014 3385 1172 3445 communi

153 3491 227 3570 quod
250 3489 414 3551 obseruatu
435 3491 561 3574 dignum
578 3492 634 3554 est:
676 3513 772 3553 more.
809 3487 1042 3551 obseruandum
1056 3502 1170 3558 autem,

155 3587 229 3654 heroi
250 3597 346 3676 igitur
366 3614 435 3653 cum
453 3595 529 3657 deo:
557 3596 637 3653 l'orte
676 3592 836 3675 Daphnidi
868 3606 901 3650 vt
933 3588 1021 3651 heroi
1054 3588 1170 3649 sacrum

157 3707 301 3777 tamquam
343 3709 450 3779 cantus
489 3692 635 3776 praeside.
670 3696 843 3774 *fierilacto
866 3693 949 3766 oleo,
971 3695 1055 3764 vino,
1077 3691 1171 3769 adeof

159 3793 242 3857 Porro
257 3817 375 3857 nouum
389 3796 458 3871 hoc,
473 3796 558 3880 quod
570 3816 637 3857 non
678 3820 738 3882 que
754 3797 855 3882 λοιβῇ,
882 3794 1007 3882 σπονδῇ·
1028 3812 1095 3857 non
1110 3795 1171 3853 vic·

164 3901 266 3980 vtrique
282 3921 343 3960 vna
365 3921 417 3960 ara
438 3899 489 3973 fit,
517 3916 549 3960 vt
563 3891 636 3977 σύμ.
679 3906 751 3960 tima
772 3898 865 3960 caesa.
915 3899 1001 3959 Idem
1019 3893 1169 3985 Nymphis

104 4078 106 4084 Ι
168 3999 243 4074 dapar
255 3999 327 4072 [iut3
352 4000 403 4062 sed
418 4003 503 4084 quod
517 4005 635 4083 vtrique
678 4019 710 4064 et
730 4005 805 4064 Pani
827 4001 860 4062 fit
881 4001 963 4084 apud
976 3999 1107 4061 Theocr.
1128 3998 1169 4068 V,

166 4095 217 4168 sva
234 4121 295 4176 ara,
322 4118 352 4162 et
374 4104 498 4185 quidem
517 4109 635 4187 vtrique
678 4108 728 4169 53.
743 4109 785 4183 54
802 4121 832 4166 et
855 4106 904 4168 58.
921 4108 973 4184 59,
998 4101 1078 4161 vnde
1094 4097 1169 4187 haec

104 4200 107 4267 Ι
177 4194 245 4256 duae
263 4224 355 4279 orae,
394 4209 534 4292 adeoque
558 4228 638 4289 qrta-
680 4204 814 4288 expreffa
826 4207 903 4270 sunt.
927 4226 1013 4265 nouo
1028 4204 1169 4268 lacte‚'vt
