2700 4906
193 386 197 391 .
265 335 339 411 424
408 382 410 385 .
478 272 1090 404 evtuot-Lnnaaouts

266 511 451 603 Nascitur,
486 530 524 586 et
547 509 648 587 casus
674 510 778 584 abies
800 496 915 585 visura
939 516 1119 589 marinos.

265 646 437 721 Inseritur
456 672 545 720 vero
571 665 609 721 et
630 644 708 717 fetu
734 649 840 720 nucis
864 640 1026 720 arbutus¹
1043 647 1220 741 horrida5

235 862 237 866 ,
265 786 313 858 Et
340 779 476 856 steriles
500 781 641 882 platani
671 779 789 852 malos
818 775 958 878 geliere
979 781 1160 875 valentis5
1256 810 1303 883 70

267 997 339 1053 Gud.
355 1017 415 1050 cunr
430 997 510 1051 tribus
528 994 585 1060 aliia
607 1010 633 1048 et
650 1009 758 1067 atroque
778 993 885 1056 Mead.‚
905 1011 931 1049 at
945 1014 968 1047 v.
987 996 1025 1050 18.
1072 1012 1101 1050 et
1117 997 1218 1053 ardua
1232 984 1302 1054 Titi.

266 1087 370 1156 planta
395 1083 485 1134 Franc.
565 1083 605 1150 69
618 1081 755 1149 Inseritur
779 1099 849 1132 nero
878 1094 905 1132 et
931 1089 1011 1133 nucis
1039 1085 1159 1138 arbutus
1184 1085 1304 1139 horrida

258 1167 349 1240 soetu
368 1167 466 1219 Medic.
482 1183 545 1217 am.
558 1184 597 1238 pr.
633 1165 766 1236 ltaplane
779 1163 918 1218 Gudianus
934 1182 960 1218 et
976 1166 1060 1219 Goth.
1077 1169 1144 1230 sec..
1171 1170 1305 1243 nifiquod

268 1252 312 1305 ille
332 1271 369 1304 ex
388 1259 476 1305 nucis.
517 1250 666 1322 Vtrumque
678 1252 710 1302 ab
725 1270 773 1311 eo,
792 1251 837 1322 qui
852 1249 930 1302 versui
944 1253 1087 1313 metuebat,
1107 1254 1303 1328 interpolatum.

268 1339 384 1390 arbutus
411 1337 528 1389 horrens
554 1335 680 1389 Rottend.
702 1336 779 1397 alter,
804 1335 907 1387 Zulich.
931 1352 956 1389 et
976 1351 1027 1389 tres
1048 1339 1176 1400 Martini,
1208 1358 1236 1394 rt
1255 1342 1305 1394 itm

268 1423 374 1475 Seruius
400 1420 469 1474 maie
496 1422 626 1493 quosdam
647 1421 731 1492 legere
756 1422 799 1474 ait.
851 1436 877 1472 ec
884 1419 975 1490 foetu
1002 1429 1068 1492 (pro
1090 1423 1192 1494 vulgari
1207 1425 1302 1500 fetui)

266 1524 336 1561 recte
356 1505 498 1575 repositum
524 1508 725 1569 dormanno,
761 1521 786 1558 vt
806 1505 847 1558 sex
867 1504 926 1558 libri
952 1504 1022 1580 apud
1048 1507 1140 1562 Heius.
1168 1529 1232 1566 cum
1254 1530 1302 1567 ruo

266 1591 391 1651 Aruudel.
412 1608 439 1647 et
457 1593 541 1647 Goth.
559 1592 624 1656 seo,
649 1610 697 1667 pro
720 1610 756 1644 ex
764 1589 842 1662 fetu.

268 1759 317 1832 V,
341 1760 371 1824 8.
407 1789 448 1806 ·-
496 1758 646 1819 Martinus
676 1753 763 1816 fuiiie
805 1754 984 1815 Traduntur
1005 1754 1056 1818 hic
1077 1755 1231 1824 infitiouis
1253 1785 1303 1848 ge·

269 1859 325 1923 fibi
353 1883 391 1922 ex
421 1864 523 1923 amicis
552 1874 673 1933 narrat,
710 1863 764 1941 qui
804 1877 891 1931 nera,
924 1879 1004 1942 quae
1029 1881 1046 1920 a
1070 1859 1183 1925 nostris
1205 1864 1302 1927 horni-

269 1984 435 2048 quercum,
463 1965 596 2044 palmam
623 1977 655 2022 et
680 1961 762 2021 obie-
803 1959 912 2032 nibus,
941 1966 994 2043 qui
1016 1967 1049 2022 in
1064 1963 1123 2022 hac
1138 1986 1173 2026 re
1187 1967 1301 2051 aliquid

268 2081 332 2127 tem
360 2066 448 2125 aliter
469 2085 562 2146 quam
583 2085 619 2124 ex
647 2062 762 2123 satione
803 2060 833 2122 ie
857 2063 962 2123 videre
986 2081 1114 2144 putant,
1149 2087 1301 2151 negamur

268 2167 350 2227 nasci
372 2181 517 2248 negaret,
544 2168 660 2246 quique
682 2165 761 2225 adeo
802 2162 869 2224 fieri
890 2162 994 2245 poiie:
1023 2173 1197 2228 nonenim
1213 2172 1300 2232 inseri

269 2289 339 2327 curn
354 2289 382 2326 v.
400 2270 441 2329 66
456 2266 636 2326 seutentiam
650 2268 760 2340 claudi,
802 2262 888 2346 posse
911 2266 1053 2328 arborem
1082 2267 1204 2344 arbori,
1246 2272 1299 2334 nifi

190 2423 192 2429 .
268 2384 300 2431 et
320 2369 445 2428 inillis:
476 2369 679 2451 Chaoniique
699 2391 762 2451 pa·
802 2366 846 2427 fut
881 2373 1011 2450 generis.
1081 2370 1188 2454 Negat
1217 2375 1298 2435 idem

269 2475 330 2531 tris
355 2467 495 2549 glandes
523 2486 579 2529 etc.
631 2471 762 2548 semine
804 2485 910 2530 auctor
936 2469 1204 2551 praestantissimus
1230 2478 1298 2536 Mii-

267 2572 451 2656 subintelligi
476 2574 576 2635 vellet.
618 2573 688 2632 Hoc
718 2588 762 2632 ta·
801 2573 895 2633 ierus:
917 2574 1008 2634 Cotti.
1025 2576 1152 2635 Martio.
1174 2578 1214 2637 ad
1232 2577 1262 2637 h.
1278 2580 1295 2637 Ι.

266 2698 341 2737 men
371 2674 436 2735 fieri
467 2681 593 2758 nequit,
637 2691 669 2736 et
691 2698 761 2757 per·
800 2676 902 2757 Negat
953 2681 1047 2735 etiam
1097 2677 1141 2736 du
1188 2681 1295 2741 Hamel

267 2772 375 2860 peram
395 2776 552 2839 dubitatur
574 2780 613 2840 de
634 2779 687 2840 illo
708 2800 760 2839 ve·
804 2776 978 2860 (Phystque
999 2778 1057 2836 dea
1078 2780 1209 2840 Arbres
1226 2785 1259 2842 P.
1274 2783 1294 2842 Ι.

268 2897 368 2944 terum
384 2881 446 2955 vsu,
476 2902 539 2964 quo
555 2881 619 2941 illas
635 2881 758 2941 arbores
800 2881 872 2938 Ltv.
899 2881 960 2952 tv,
994 2903 1019 2941 c.
1047 2890 1077 2961 4.
1115 2883 1194 2942 Are.
1224 2887 1294 2952 VH,

265 2985 377 3064 plantis
400 2983 451 3044 seu
473 2985 595 3044 surculis
618 3006 759 3064 procrea·
800 3001 870 3063 pag·
895 2984 934 3045 85
955 2982 1055 3066 iqq.),
1099 3007 1173 3045 curn
1193 3003 1294 3049 tamen

265 3104 353 3146 runt:
379 3087 417 3147 de
438 3088 555 3169 palma
568 3087 628 3145 vid.
644 3087 758 3147 Pallad.
801 3084 852 3141 alii
869 3105 947 3145 orno
968 3086 998 3146 se
1020 3086 1161 3151 inseuiffe
1184 3097 1293 3171 pirum,

265 3191 361 3269 April.
384 3210 449 3268 cap.
466 3192 496 3262 5,
519 3210 548 3260 a,
578 3188 616 3248 de
637 3209 757 3270 quercu
801 3183 970 3246 castaneam
986 3194 1125 3269 quercui,
1143 3192 1294 3259 testentur.

263 3293 387 3353 Colum.
401 3292 455 3363 IV,
478 3293 529 3361 53,
547 3291 576 3351 5.
800 3290 915 3348 Verum
932 3306 963 3350 et
979 3293 1102 3352 Colum.
1117 3294 1172 3354 lib.
1188 3298 1229 3368 V,
1250 3319 1293 3365 11,

308 3391 457 3471 69-72.
493 3389 604 3464 Infitio
628 3389 758 3452 restabat
800 3394 826 3468 ᾗ.
861 3414 896 3452 12
947 3399 1091 3476 antiquos
1135 3401 1292 3459 contendit

262 3513 302 3555 ex
322 3515 349 3555 v.
367 3495 408 3556 32
429 3492 471 3575 sq.
515 3493 640 3571 Optime
655 3495 758 3554 inseri·
799 3495 878 3554 maie
891 3496 973 3555 idem
988 3495 1122 3578 negasse,
1144 3515 1179 3557 et
1192 3522 1292 3582 qima·

265 3612 315 3657 tur
335 3594 472 3661 arbuto,
507 3593 690 3670 intubum,
723 3602 756 3658 in
798 3595 878 3656 dom
898 3598 988 3679 natast
1007 3601 1113 3677 legem
1131 3602 1291 3684 sarariffe,

264 3700 423 3770 arbutum,
453 3695 607 3776 (horrida
629 3719 664 3757 ea
684 3699 755 3758 dici.
799 3720 853 3759 eos
882 3715 1011 3760 tantum
1024 3702 1184 3778 surculos
1203 3706 1290 3787 poffe

262 3817 313 3863 tur
349 3822 367 3861 a
409 3804 522 3861 cortice
560 3796 678 3881 hispido
723 3816 755 3861 et
797 3802 988 3880 coalescere,
1008 3804 1149 3887 quisine
1169 3811 1289 3867 cortice

261 3905 382 3986 aspero)
399 3923 472 3974 nux,
489 3903 629 3983 platano
646 3903 752 3977 malus,
796 3925 838 3964 ac
852 3906 936 3967 libro
954 3930 995 3966 ac
1006 3911 1128 3988 fructu
1145 3931 1208 3968 con
1222 3914 1288 3971 tmi-

253 4009 341 4089 fogo
366 4002 519 4078 castanea,
555 4027 635 4080 orno
655 4012 750 4087 pirus,
794 4009 841 4067 les
867 4012 908 4067 iis
933 4009 1126 4083 arboribus,
1173 4013 1288 4094 quibas

259 4128 291 4174 et
312 4112 400 4171 ulmo
428 4130 566 4191 quercus.
616 4109 749 4190 Respicit
790 4112 986 4186 inseruntur.
1030 4113 1126 4173 Cuius
1148 4114 1201 4175 ille
1223 4119 1287 4194 opi·

254 4215 358 4277 locum
383 4213 461 4275 Piin.
480 4213 553 4288 XV,
579 4212 669 4287 r5,s.
697 4232 744 4293 ¹7·
788 4215 896 4274 aionis
930 4235 1074 4274 errorem
1104 4215 1283 4280 discutien-
