2692 4914
141 301 197 367 vr
464 257 855 354 PRAEFATIO
1009 280 1013 289 '

149 468 201 562 in
232 455 433 555 Aeneide
469 449 648 584 prorsus
678 452 792 545 mihi
830 454 913 582 ipfi
943 455 1180 590 obtempe-

153 631 268 730 raui.
315 630 384 717 Ita
399 645 551 717 autem
569 623 734 737 euenit,
755 643 805 716 vt
821 651 961 749 opera
975 658 1080 717 mea
1099 626 1182 718 ali-

158 815 380 927 quantum
406 789 560 917 dispar
584 782 688 880 ellet
709 792 981 915 comparatis
1002 791 1183 923 Eclogis

1 1045 2 1052 1
158 987 205 1058 et
230 959 465 1087 Georgicis
494 987 600 1049 cum
622 954 842 1068 Aeneide3
890 986 978 1047 nec
1011 959 1094 1050 nili
1134 961 1186 1052 in

157 1126 360 1255 repetitis
390 1120 663 1214 editionibus
696 1119 756 1210 ad
787 1118 984 1213 eundem
1019 1123 1189 1218 modu-

158 1294 257 1390 lum
272 1289 426 1384 omnia
441 1285 709 1380 constituere
724 1285 994 1401 allaboratu3
1022 1289 1099 1383 etfi
1112 1293 1188 1384 vel

161 1461 224 1557 lic
248 1458 366 1550 bene
392 1449 591 1546 intellexi
610 1447 824 1578 supereffe
838 1481 1041 1568 naeuos,
1069 1488 1180 1580 quor

160 1627 343 1757 penitus
384 1616 535 1711 eluere
571 1618 647 1712 vix
682 1614 856 1730 liceret,
912 1618 962 1708 in
995 1595 1201 1747 corpore-

160 1787 223 1881 ad
259 1786 396 1878 aliam
433 1782 631 1877 formam
674 1782 733 1874 ab
775 1782 904 1876 initio
947 1784 1192 1917 dellgnato.

164 1951 311 2073 Quod
327 1974 480 2043 tamen
493 1947 642 2063 licuit,
670 1944 864 2078 satagere
883 1948 1008 2042 haud
1027 1951 1173 2085 refugi

118 2167 129 2186 =
163 2141 232 2233 vt,
271 2118 449 2242 quoties
477 2146 602 2208 noua
633 2112 774 2206 editio
792 2137 1049 2242 pararetur,
1091 2154 1171 2215 nor

164 2281 306 2376 modo
332 2280 578 2412 relegerem
605 2301 793 2407 poetam
826 2313 933 2373 cum
967 2287 1082 2378 meis
1110 2302 1201 2380 art-i

163 2447 496 2562 notationibus,
526 2442 601 2538 sed
620 2447 758 2538 etiam
777 2468 1066 2550 retractarem
1084 2451 1190 2549 locr-

163 2609 317 2706 laltem
329 2613 513 2739 potiora
533 2634 580 2703 et
603 2591 891 2705 emendarem
955 2646 1072 2742 quae
1091 2622 1194 2744 qui·

163 2777 271 2873 dem
287 2773 571 2871 emendanda
586 2770 670 2868 elle
687 2774 898 2870 videbam
968 2781 1106 2874 etiam
1125 2817 1192 2903 ea,

91 2912 94 2919 ’
164 2942 224 3038 de
247 2942 411 3068 quibus
423 2943 624 3033 monitus
638 2935 789 3057 ellem3
822 2954 1045 3039 ea'autem
1060 2980 1196 3076 prae-

162 3110 365 3221 terirem,
392 3109 441 3197 in
463 3106 628 3232 quibus
652 3107 771 3200 male
799 3104 931 3202 ellem
952 3114 1204 3241 reprehen-

164 3267 255 3386 lus,
290 3302 345 3364 eu
368 3269 669 3397 relinquerem
691 3276 878 3388 urtacta,
912 3277 1076 3402 quibus
1099 3315 1200 3376 me-

164 3435 281 3529 liora
299 3466 397 3528 non
415 3434 550 3528 allata
563 3432 780 3554 vidillem,
822 3439 1199 3571 obliuiscererque

166 3634 242 3716 ea,
272 3633 390 3728 quae
411 3599 684 3694 illiberaliter
707 3606 755 3695 in
780 3637 855 3698 me
882 3603 1018 3701 effent
1040 3607 1197 3704 effusa:

165 3766 330 3893 quibus
349 3799 445 3860 non
470 3790 566 3861 tam
592 3766 720 3863 dolui
747 3774 840 3862 mei
863 3769 1028 3888 caulla,
1057 3807 1200 3900 quam

162 3953 351 4059 propter
370 3935 656 4028 imminutam
677 3937 926 4030 litterarum
943 3940 1200 4037 nostrarum

163 4095 445 4224 dignitatem,
498 4123 544 4195 et
577 4103 639 4197 ob
675 4103 1014 4219 detrimentum,
1067 4107 1197 4231 quod
