2692 4914
118 307 172 382 86:
319 292 367 377 Ῥ.
394 300 643 419 vlaatttt
672 297 933 372 MARONIS

8 519 10 523 ’
120 489 304 579 Pierides,
336 486 488 560 vitulam
506 484 641 559 lectori
663 483 800 585 pascite
821 480 954 558 vestro.
1113 479 1165 554 85

122 653 165 701 tt.
189 623 312 699 Pollio
345 639 383 696 et
421 618 497 720 ipse
528 616 621 693 facit
657 644 760 692 noua
793 623 976 693 carmina:
1024 614 1169 716 pascite

637 844 639 848 μ
744 773 906 844 taurum,

129 896 208 967 Iam
236 913 356 965 cornu
384 903 504 988 petat,
548 887 771 998 etpedibus
813 893 880 988 qui
913 884 1056 986 spargat
1086 906 1173 955 are·

755 1048 856 1094 nam.
931 1088 932 1091 ,

131 1185 169 1239 ο.
191 1162 268 1256 Qui
287 1176 343 1250 te,
367 1151 509 1246 Pollio,
535 1172 653 1249 amat,
679 1163 821 1248 veniat,
850 1180 927 1257 quo
951 1171 991 1228 te
1014 1174 1177 1253 quoque

754 1291 906 1392 gaudet.

203 1499 239 1568 87
256 1471 331 1553 idam
355 1495 440 1552 terim
467 1501 532 1553 Aen.
559 1498 607 1562 tx,
627 1501 695 1573 629,
726 1517 754 1556 at
773 1501 832 1556 iana
853 1499 927 1572 epico
953 1515 1035 1573 poeta
1060 1496 1182 1566 digniorr

141 1587 198 1656 Qut
230 1602 253 1637 c.
281 1583 397 1643 Parthas.
463 1584 517 1656 Qut
547 1593 606 1638 tam
633 1603 800 1658 cornupetae
824 1587 892 1639 Ven.
950 1603 1066 1640 cornum
1094 1583 1180 1637 Rorn-

140 1665 176 1726 88
195 1678 243 1741 qut
263 1684 290 1722 te
310 1688 423 1741 quoque
442 1670 484 1725 ed.
504 1671 572 1726 Van.
595 1687 622 1727 at
640 1672 755 1729 Mediol.
811 1692 866 1744 qua
889 1687 917 1726 tc
942 1691 1056 1749 quoquc
1076 1668 1195 1724 laudet-

81 1771 82 1775 ’
143 1757 212 1812 coni.
233 1757 323 1809 Burm.
358 1759 393 1810 At
412 1774 436 1809 v.
455 1756 521 1810 Not.

144 1956 303 2023 tamquam
318 1920 442 2020 efficat,
471 1954 566 2021 poeta
584 1943 643 2000 im·
683 1943 736 2007 86.
759 1960 849 2002 noua
863 1940 1024 2011 carmina,
1048 1935 1185 2018 h.prae·

144 2043 252 2116 molet,
266 2042 299 2101 td
311 2045 400 2100 nimis
416 2040 644 2104 doctumadeo·
684 2043 775 2118 clara,
800 2045 903 2128 qualia
925 2060 1087 2123 nunquam
1112 2054 1188 2098 ante

146 2166 209 2229 qua
224 2144 322 2203 multo
337 2145 434 2224 magia
449 2144 588 2203 vitiosum
609 2149 644 2204 in
684 2147 775 2221 facta,
795 2161 829 2206 vt
841 2147 949 2205 Horat.
964 2144 1025 2204 Od.
1039 2143 1066 2215 1,
1080 2144 1132 2237 a6,
1147 2162 1187 2201 to

146 2247 202 2306 tali
224 2248 375 2314 carmine3
402 2263 588 2328 quanquam
611 2251 645 2308 in
679 2246 768 2330 fidas
786 2241 891 2307 nactas
905 2247 989 2307 dixit.
1034 2244 1188 2304 Pollionis

148 2345 276 2410 similem
317 2345 445 2405 modum
488 2365 647 2430 argutatur
688 2366 792 2410 autem
827 2348 952 2408 laudem
987 2365 1026 2406 ex
1063 2347 1189 2427 tragicis

150 2447 253 2511 Schol.
280 2449 401 2508 Horatii
431 2449 471 2509 ad
497 2448 590 2530 Epist.
612 2451 645 2525 1,
688 2450 791 2514 studiis
828 2465 968 2512 tenemus
1005 2468 1043 2507 ex
1076 2448 1189 2507 Horat.

150 2554 183 2627 ὅ,
200 2554 251 2614 56.
294 2550 389 2630 Quod
403 2571 476 2611 vero
493 2553 647 2612 lectorem
691 2555 792 2614 Carm.
809 2553 849 2625 11,
869 2574 895 2625 1,
918 2571 947 2631 9.
973 2571 1020 2610 10.
1042 2548 1143 2608 Serm.
1162 2547 1188 2620 l,

152 2659 321 2714 carminum
334 2658 527 2728 memorauit,
537 2638 649 2736 parum
695 2678 744 2730 10,
757 2665 798 2735 42
825 2655 932 2715 Pollio
954 2672 1071 2730 regum
1086 2651 1191 2731 facta

151 2756 224 2833 scite
246 2751 347 2814 feciss'e
372 2771 403 2815 et
433 2755 595 2837 personam
616 2763 650 2818 in
692 2762 784 2818 canit
794 2754 881 2839 peda
894 2770 946 2814 ter
959 2750 1150 2839 percttffo&
1159 2750 1190 2812 h.

152 2856 214 2919 hoc
235 2855 363 2940 pastoris
384 2858 464 2919 male
485 2856 651 2921 sustinuiffe
694 2860 865 2944 tragoedias
879 2855 979 2918 scribit
990 2853 1128 2916 senariis.

152 2963 251 3021 videri
281 2961 375 3021 debet
402 2963 512 3032 Maro;
547 2959 653 3024 Pastor

156 3069 237 3122 canit
252 3068 386 3124 carmina
402 3079 434 3124 et
450 3065 572 3125 auditur
588 3069 652 3125 eiua
696 3136 698 3139 v
737 3063 789 3125 88.
808 3062 942 3129 veniat,
969 3077 1034 3141 qao
1056 3070 1092 3116 ec
1112 3076 1195 3137 qua·

93 3171 96 3178 '
157 3180 279 3223 cantus:
305 3152 372 3226 n'on
385 3187 460 3228 vero
473 3166 575 3227 scribit
589 3168 654 3226 cai·
696 3151 759 3247 que
771 3163 905 3242 gaudet,
944 3159 1039 3243 Quod
1055 3163 1194 3242 primum

155 3269 239 3324 mina
262 3280 293 3324 et
315 3266 433 3350 legitur.
490 3269 574 3329 Fem‘
595 3291 654 3351 po·
695 3271 827 3328 occurrit
833 3309 843 3340 ,
882 3261 941 3337 est,
979 3277 1013 3323 vt
1038 3261 1193 3344 suppleat

156 3380 236 3425 terat
265 3365 328 3424 Ecl.
352 3369 412 3442 Vl,
438 3351 473 3430 ra
503 3374 536 3430 in
564 3391 654 3451 prae·
690 3368 895 3450 peruentffa:
922 3380 1017 3447 vtque
1037 3363 1079 3423 ad
1097 3363 1197 3423 felici·

156 3467 274 3527 satione
295 3463 385 3546 ipfius
405 3485 527 3548 poetae.
571 3471 652 3533 Alias
696 3472 790 3530 tatem
808 3475 937 3530 omnino
950 3466 1076 3532 referas.
1099 3483 1197 3545 quam

156 3566 264 3630 Pastor
282 3573 317 3629 in
339 3574 453 3631 cortice
472 3573 534 3656 fagi
553 3572 652 3634 versus
696 3587 879 3655 apprecatur
904 3575 949 3644 ei,
982 3573 1036 3651 qui
1057 3565 1197 3627 Pollioni

157 3672 285 3749 incidit3
332 3687 417 3733 recta
443 3671 505 3732 Ed.
527 3675 572 3749 V,
604 3677 652 3739 ιδ.
695 3677 807 3736 faueat.
851 3675 929 3735 etim
950 3693 1015 3755 quo
1044 3671 1198 3730 conuenit

158 3773 261 3834 Multo
287 3777 388 3833 minus
425 3791 561 3835 comtum
595 3774 653 3854 est,
696 3801 724 3842 v.
738 3783 790 3860 89,
812 3783 846 3838 in
859 3797 924 3859 quo
937 3776 1017 3835 adeo
1031 3775 1117 3857 attrei
1135 3771 1197 3830 sae.

161 3874 247 3958 quod
284 3876 459 3938 Pollionem
501 3879 655 3940 lectorem
699 3883 758 3941 culi
785 3882 915 3942 felicitas
940 3878 1139 3959 exprimitur:
1166 3891 1197 3932 v.

160 3977 331 4038 Pieridum
365 3979 457 4051 facin
509 3985 600 4041 etiam
634 3979 658 4043 fi
698 3983 763 4044 Ecl.
785 3985 846 4058 IV,
868 3988 919 4049 50·
942 3984 993 4044 25.
1037 3979 1070 4037 st
1091 3992 1197 4037 tamen

162 4075 293 4141 statuere
332 4082 435 4141 malim
445 4125 456 4155 ,
503 4083 656 4143 lectorem
699 4087 859 4149 Menalcae
895 4083 989 4148 verba
1017 4098 1195 4161 compares,

162 4179 222 4242 effe
237 4180 267 4242 h.
281 4183 301 4244 l.
317 4187 371 4268 qui
389 4187 523 4248 carmina
539 4189 657 4249 recitat.
700 4204 741 4265 et,
763 4211 856 4274 quam
871 4181 1013 4273 expreffit
1025 4184 1131 4256 Maro,
1150 4182 1201 4243 lo·
