2692 4914
298 339 1031 434 oroorroa¹nor.r11,tt-5a
1118 375 1183 447 ¹7¹
1262 316 1295 401 S

145 535 329 632 Semper,
364 542 401 605 et
429 527 581 605 ndfidua
604 529 726 632 postes
749 529 905 629 fuligine
929 535 1034 631 nigri.
1137 532 1187 621 bo
1260 494 1266 506 .

146 671 223 742 Hic
245 685 393 738 tantum
413 668 559 740 Boreae
589 690 761 740 curamus
788 662 941 762 frigora,
983 684 1163 764 quantum

146 806 226 877 Aut
273 824 478 873 numerum
522 797 655 898 lupus,
708 797 774 871 dut
819 803 999 872 torrentia
1036 798 1187 874 flumina

771 920 882 1015 ripas.

198 1077 233 1122 c.
253 1050 364 1126 Stant
384 1068 422 1125 et
442 1051 621 1150 iuniperi,
668 1067 705 1124 et
726 1046 916 1125 castaneae
935 1048 1113 1142 hirsutae3
1172 1046 1174 1056 '

215 1237 251 1290 51
272 1237 351 1287 Hinc
374 1248 483 1288 tantum
509 1231 592 1286 Seruii
619 1246 738 1303 tempore
762 1233 906 1288 nonnullos
935 1232 1023 1307 legiffe
1050 1233 1190 1307 colligare

146 1323 254 1378 [rhollo
280 1323 318 1376 ad
340 1342 366 1377 r.
390 1333 433 1394 49.
519 1324 553 1378 53
574 1321 654 1374 Hunc
680 1319 778 1373 versum
810 1323 926 1395 sequenti
960 1323 1060 1378 l'ubiicit
1090 1326 1190 1380 Moretl

148 1430 237 1485 quart.
284 1416 321 1467 At
341 1412 435 1467 doctus
455 1412 610 1470 Britannus.
644 1410 689 1482 qui
710 1429 773 1464 mox
792 1412 940 1484 Corydonis
961 1415 1071 1467 amicam
1092 1414 1190 1486 Phylli-

148 1504 210 1556 dem
231 1502 337 1556 laudari
361 1501 514 1554 meminerat
526 1520 550 1553 r.
564 1501 613 1560 63,
632 1517 666 1552 ne
681 1519 752 1553 nunc
771 1500 819 1573 ipsi
839 1505 923 1556 amica
937 1505 1059 1576 eripiatur
1074 1523 1089 1556 n
1104 1504 1190 1576 Thyr-

147 1592 202 1647 lide
222 1610 250 1643 r.
263 1594 317 1664 59,
335 1590 453 1644 versuum
474 1589 593 1644 ordinem
614 1587 746 1650 mutabat,
765 1590 865 1659 et'post
880 1611 904 1645 v.
919 1595 952 1646 52
983 1593 1133 1647 subiiciebat
1152 1610 1190 1647 te·

149 1681 299 1735 rrrll'rclron
321 1683 354 1751 57
367 1680 450 1733 -60
478 1695 505 1732 et
523 1677 658 1749 Corydoni
680 1676 818 1741 afferebam
859 1680 968 1734 alterum
992 1698 1068 1734 reror
1108 1685 1190 1736 Stans

154 1787 180 1824 er
201 1779 346 1841 iuniperi,
373 1767 505 1838 ‘Ibyrfirli-
550 1769 590 1821 Ito
607 1785 668 1821 vero
687 1766 801 1838 Thyrlln
821 1784 896 1822 tanto
918 1769 1077 1824 manifestius
1098 1773 1191 1824 incon·

150 1860 262 1914 limiae
289 1857 462 1917 munierit,
504 1857 549 1930 qui
575 1857 644 1910 intra
668 1875 768 1929 paucos
792 1856 874 1912 versus
898 1857 1012 1912 Alexidis
1035 1875 1061 1913 et
1078 1860 1192 1930 Lycidas

152 1969 271 2003 morem
300 1947 447 2022 profitetur.
501 1946 606 2000 Scilicet
629 1945 746 2017 fugiebat
765 1948 847 1999 virum
871 1946 995 2008 doctum,
1024 1947 1097 2021 quod
1116 1948 1192 2021 supra

152 2040 322 2099 nonninus,
359 2056 416 2090 non
445 2054 477 2089 ex
504 2035 548 2088 lue
572 2033 682 2108 persona
703 2034 819 2109 pallores
834 2036 900 2092 boec
921 2056 1030 2100 emere,
1071 2037 1116 2092 Ied
1140 2037 1192 2096 effe

152 2147 236 2203 prm
256 2127 375 2182 cunina
392 2127 421 2180 in
440 2125 558 2178 medium
579 2124 666 2177 allata.

154 2285 290 2346 Theocr.
306 2281 430 2356 x1,51.
474 2281 526 2344 50.
547 2277 655 2362 postes
695 2280 880 2344 Theocritea
899 2281 989 2355 vm,
1010 2288 1049 2361 41
1075 2317 1118 2331 —
1137 2290 1189 2366 49.

147 2386 300 2466 fuligine
326 2385 433 2460 nigri,
480 2396 589 2462 vtpote
621 2386 655 2442 in
697 2385 779 2446 conl.
793 2384 932 2466 sup.Ecl.
946 2385 987 2458 V,
1002 2387 1043 2446 da
1058 2385 1100 2468 lq.
1124 2387 1191 2447 Iam

154 2507 296 2571 paupere
315 2489 438 2568 tugurio
459 2480 523 2545 fine
545 2507 655 2548 uerre-
696 2486 763 2547 latis
790 2491 959 2560 monitum,
1001 2490 1035 2548 in
1056 2487 1102 2549 his
1126 2509 1191 2549 car·

158 2585 239 2677 lizy.
280 2589 333 2652 51.
351 2588 398 2647 Ex
418 2584 574 2647 Theocrit.
596 2587 653 2660 IX,
696 2590 846 2663 minibus,
882 2610 962 2671 quae
987 2610 1046 2671 per
1072 2591 1191 2652 alterna

162 2714 209 2752 ra.
260 2692 299 2754 13
341 2704 374 2749 et
423 2709 470 2768 ¹9·
510 2710 560 2749 20.
605 2711 654 2749 21.
697 2693 847 2766 eduntur,
874 2689 1190 2774 lingulistetrastichis

159 2799 210 2857 52.
250 2812 425 2850 numerum
458 2791 570 2871 lupus,
623 2806 656 2851 vt
696 2792 825 2876 singulas
848 2815 961 2876 easque
983 2797 1064 2852 inter
1090 2792 1119 2852 se
1144 2794 1191 2853 di·

159 2910 323 2957 nmnerato
338 2897 445 2973 pecori
459 2909 573 2972 parcat.
609 2894 656 2953 Ite
697 2897 793 2958 versas
817 2894 979 2953 sententias
1008 2900 1190 2967 memorari;

162 3018 221 3057 uec
236 3010 323 3056 curet
337 3000 418 3075 ripas
432 3010 569 3068 torrens,
591 2999 657 3077 qui·
698 3018 801 3080 neque
824 2996 903 3055 adeo
920 2995 989 3054 illae
1006 3017 1043 3054 ex
1065 3012 1192 3058 cantan-

163 3099 219 3160 bus
249 3102 385 3160 coerceri
413 3095 564 3165 debebam
598 3116 658 3157 nec
700 3103 736 3160 ris
752 3098 881 3180 persona
897 3096 996 3157 dictae
1012 3097 1095 3158 lunt:
1118 3103 1192 3161 alio-

168 3203 204 3260 ad
229 3200 332 3262 locum
361 3215 448 3258 curat
482 3198 576 3281 frigus
603 3217 658 3279 pa·
700 3207 754 3286 qui
768 3222 834 3262 non
849 3194 947 3281 pollet
960 3197 1028 3280 poll
1048 3200 1192 3265 aestatem

167 3300 234 3363 ltor.
700 3322 732 3366 et
753 3305 886 3365 hiemem
906 3306 957 3380 45.
980 3312 1021 3383 49
1049 3325 1133 3365 nunc
1153 3309 1194 3370 de

205 3407 247 3467 53
267 3438 312 3451 -
332 3405 385 3465 56.
424 3401 574 3485 Corydon
599 3400 659 3463 hoc
702 3423 866 3468 auctumno
881 3410 940 3488 agi,
961 3422 1012 3465 aut
1026 3407 1065 3468 ab
1081 3412 1194 3473 eodem
1288 3411 1289 3420 ¹

170 3507 269 3588 eloqui
304 3505 386 3565 vult:
437 3500 497 3564 elle
535 3505 660 3586 quidem
701 3507 821 3592 pallore
853 3509 1010 3581 Galateae,
1048 3511 1193 3591 Alexidis,

170 3613 229 3667 eius
256 3608 318 3667 loci
348 3628 383 3666 ac
410 3610 523 3666 montis
553 3611 660 3666 iucun·
702 3612 862 3697 Phyllidis,
920 3631 1038 3672 amores
1077 3617 1193 3677 iactari.

170 3706 318 3773 diffimams
341 3724 501 3780 naturam,
537 3727 606 3768 mm
626 3705 661 3769 fit
701 3719 768 3778 Nec
783 3733 887 3775 tamen
908 3729 961 3771 aut
981 3718 1097 3798 Ingenii
1117 3721 1195 3780 mul·

171 3811 325 3872 arboribus
341 3809 472 3872 confirus
487 3814 584 3893 iisque
600 3811 661 3870 fru-
703 3834 769 3877 rum
790 3833 842 3876 aut
863 3815 1073 3880 delectationis
1093 3824 1129 3881 in
1149 3819 1195 3882 bis

171 3935 240 3996 gum
254 3914 374 3995 plenis;
404 3930 436 3973 at
454 3914 586 3974 Alexidis
609 3913 662 3974 ab·
704 3917 756 3980 est.
805 3920 925 3980 Maiore
960 3941 1028 3981 cum
1063 3937 1129 3983 arte
1164 3936 1217 3984 et'

170 4016 260 4076 lentio
295 4038 421 4078 omnem
451 4013 534 4076 istam
559 4040 662 4079 rerum
704 4022 850 4083 suauitate
878 4023 994 4104 Popius
1021 4022 1145 4100 Pastor.
1165 4025 1194 4092 Ι,

168 4118 345 4180 suauitatem
366 4118 535 4181 obscurari:
567 4123 663 4182 Smne
706 4128 747 4190 68
762 4126 824 4208 sqq.
860 4125 1031 4205 castaneae
1050 4124 1196 4201 hirsutae

166 4220 261 4306 [impl
278 4221 322 4287 cll
335 4223 414 4287 sunt.
440 4221 583 4306 Exprelio
595 4226 664 4291 lunt
705 4234 848 4294 exteriori
862 4234 985 4303 cortice,
1006 4228 1058 4290 seu
1074 4228 1195 4291 echino.
