2692 4914
162 345 229 431 118
362 345 405 417 P.
428 344 677 420 VIRGILII
708 342 966 419 MARONIS

154 534 298 631 incipe,
331 557 448 630 paruo
467 557 579 631 puer;
613 527 675 604 cui
696 556 774 602 non
793 527 902 603 risere
919 522 1108 628 parentes,

154 709 222 781 inpr.
243 710 321 763 Rom.
345 726 370 763 et
385 709 456 764 Gud.
503 710 576 764 Mate
596 725 740 763 metuentes
759 723 842 763 metro
864 705 922 759 uliiz
964 695 1094 767 tulerint,
1115 706 1184 759 tule-

155 811 229 847 rant.
276 796 443 848 abstulerint
461 795 526 867 legi,
550 795 623 856 addit
636 794 750 848 Seruius.
827 794 861 847 62
881 800 930 863 qui
949 791 1119 844 emendarunt
1138 791 1185 844 viri

155 879 240 941 docti,
265 882 301 934 vti
315 882 368 933 itm
383 880 575 950 Quinctilitnus
587 881 634 943 tx,
648 884 665 935 8
681 880 786 952 legeret,
808 897 831 930 r.
851 879 916 930 Pier.
939 877 1009 932 Cod.
1029 880 1183 938 Burmann„

153 981 287 1038 receptum
307 985 411 1039 quoque
430 965 564 1029 insidi,
591 967 656 1021 etin
668 967 742 1019 tertio
755 966 961 1033 interpunctumr
997 972 1126 1034 quinon
1147 969 1183 1013 ri-

146 1052 230 1123 sere:
248 1066 380 1122 parentes
394 1053 462 1103 Nec.
480 1061 482 1064 ’
499 1050 579 1104 Sensu
592 1067 638 1105 tut
652 1050 724 1103 nullo
737 1065 780 1102 eut
796 1068 888 1121 purum
902 1048 1057 1102 commodo:
1093 1063 1120 1100 tt
1138 1053 1183 1098 etti

154 1136 371 1190 indubitsrevert
385 1136 476 1197 lectio;
497 1137 655 1210 antiquiores
669 1136 747 1188 etiem
763 1143 839 1207 quoi.
874 1135 906 1187 ln
919 1127 1111 1186 Parrhasio-ur.
1141 1134 1181 1185 Io.

154 1221 291 1275 Schrader.
313 1223 381 1278 coni.
402 1229 452 1293 qui
466 1240 525 1274 nort
539 1221 624 1291 risere
635 1221 762 1292 parenti,
787 1222 849 1272 Nec
869 1219 938 1285 deur
959 1220 1011 1273 hor
1024 1238 1060 1273 m.
1092 1216 1183 1272 sutem

152 1306 246 1369 lenius,
268 1324 348 1379 quam
362 1305 478 1360 Withof.
504 1315 550 1360 etti
565 1327 624 1360 nort
638 1307 732 1361 ridere
748 1313 863 1379 parenti
885 1301 938 1375 est,
952 1333 987 1349 -·-

152 1449 214 1517 dia
246 1451 347 1524 addit,
397 1472 468 1515 cum
499 1454 646 1533 temporis
687 1473 820 1534 eumque
836 1448 1059 1531 expectandum
1076 1445 1135 1510 effe
1151 1451 1181 1508 ei

152 1546 241 1616 hitius
252 1551 376 1617 decursu
385 1553 452 1615 sutis
464 1558 526 1614 ism
537 1573 646 1636 magna
687 1575 785 1636 puero
809 1568 896 1626 neto,
929 1555 982 1635 qui
1004 1555 1095 1612 metri
1114 1570 1182 1634 grs-

153 1661 257 1718 onerir
272 1655 315 1716 sui
329 1655 429 1716 taedio
443 1659 472 1717 ei
487 1653 552 1717 fint.
588 1657 647 1716 Ex·
687 1654 811 1717 tiffimus
829 1653 881 1728 stt,
917 1658 1032 1737 quippe
1053 1657 1107 1736 qui
1130 1654 1183 1712 eli-

151 1763 258 1841 primit
288 1779 383 1839 porro
412 1780 479 1821 rem
514 1781 532 1819 a
561 1757 645 1841 figno
688 1758 814 1844 quando
829 1761 910 1819 inter
924 1754 1034 1817 heroes
1054 1771 1086 1815 et
1105 1756 1181 1816 deos

149 1862 241 1932 uelde
263 1862 419 1936 iucundo,
449 1861 646 1942 evoluptate
686 1863 788 1922 locum
810 1857 847 1920 fir
864 1857 1040 1921 habiturus:
1076 1877 1180 1920 econ-

151 1978 186 2024 et
205 1962 321 2023 laetitia
341 1968 462 2036 matris,
492 1984 561 2023 cum
586 1982 646 2046 que
687 1968 798 2033 trario;
838 1982 917 2044 quae
944 1959 1104 2021 conuorfio
1134 1980 1181 2019 ra·

151 2084 260 2125 reeens
286 2080 392 2124 natum
420 2065 569 2124 infantem
598 2067 646 2123 in·
688 2068 765 2126 tioni
780 2068 922 2144 poeticae
944 2062 1033 2124 valde
1054 2060 1181 2122 consen·

150 2180 273 2234 tuetur;
307 2181 340 2224 vt
361 2187 399 2226 eo
420 2164 478 2225 risu
505 2164 534 2224 ie
561 2162 645 2246 quefi
686 2184 776 2229 teneo
801 2163 852 2228 est.
903 2165 1007 2246 Quem
1028 2165 1181 2224 infantem

150 2283 281 2328 matrem
291 2265 424 2348 probare
435 2267 531 2327 videri
543 2264 642 2348 poffit.
685 2291 795 2332 recens
819 2283 924 2328 natum
953 2267 1006 2326 teli
1028 2288 1098 2326 cum
1120 2264 1180 2326 risu

150 2370 211 2431 Vix
225 2369 286 2430 dici
300 2366 416 2449 potest,
445 2385 593 2453 quantum
612 2368 643 2429 h.
685 2394 752 2435 non
772 2391 919 2452 excepere
939 2369 1016 2429 vlnis
1035 2368 1095 2430 iuis
1123 2388 1179 2450 pa-

150 2473 171 2534 l.
192 2471 348 2552 trepident
368 2476 569 2552 interpretes,
591 2475 644 2554 qui
684 2491 802 2548 rentes,
850 2472 991 2554 adeoque
1029 2471 1069 2531 de
1102 2485 1179 2530 neto

148 2575 192 2636 ‘eb
209 2569 416 2658 antiquiffmis
431 2574 503 2634 inde
524 2589 644 2654 tempo·
684 2599 783 2659 puero
804 2594 870 2636 non
892 2574 1001 2634 laetati
1018 2570 1105 2645 sunt,
1137 2568 1179 2632 est

150 2677 234 2741 ribus
271 2676 395 2754 (verum
421 2689 526 2736 temen
550 2675 643 2735 Iulius
684 2684 858 2762 isingretus
873 2692 905 2737 et
922 2671 1102 2737 inuenustus
1122 2672 1178 2734 ho-

151 2779 283 2841 Sebinus
296 2777 384 2853 vidit)
399 2777 439 2836 ad
452 2777 541 2837 risum
554 2781 644 2858 pueri
684 2803 747 2856 mo,
769 2780 909 2865 adeoque
929 2778 969 2838 ud
984 2778 1117 2841 deorum
1135 2780 1179 2837 vi·

150 2886 241 2944 matri
253 2881 416 2941 irridentis
437 2877 512 2940 hsec
531 2880 643 2940 retule·
684 2900 748 2945 tam
775 2899 806 2944 ot
837 2880 1022 2942 consortium
1058 2879 1179 2939 admitti

147 3000 232 3048 runt.
269 2985 310 3043 At
324 2980 384 3042 hoc
399 3002 465 3043 non
479 2981 644 3043 admittunt
683 3007 750 3048 non
764 2982 874 3068 potest,
891 2983 976 3066 quod
990 3002 1092 3063 puero
1106 3003 1178 3064 pro.

147 3086 234 3170 ieqq.
251 3087 305 3144 cni
316 3106 384 3144 non
403 3085 503 3162 resero
520 3101 644 3166 paren·
683 3089 804 3150 miseret
822 3087 861 3148 vi.
887 3091 933 3150 15.
983 3085 1178 3146 Conueniret

147 3194 222 3248 'terr
257 3188 379 3247 Scilicet
392 3202 486 3268 poeta
502 3187 642 3248 volebat:
685 3193 764 3254 odeo
778 3195 811 3251 in
826 3211 907 3256 eum.
929 3186 1015 3271 qnod
1028 3187 1177 3247 Pindarus

148 3293 252 3371 incipe
267 3294 301 3348 in
313 3288 376 3365 dies
399 3308 486 3348 aures
506 3289 642 3369 prodire,
683 3297 727 3354 sit
746 3290 835 3377 Pyrh.
857 3293 904 3365 11,
918 3293 969 3354 80
1001 3284 1089 3365 γόνον
1117 3280 1176 3354 oir'

143 3407 182 3452 et
203 3391 308 3451 oculos
330 3392 364 3449 in
390 3404 519 3450 matrem
545 3395 656 3452 conii·v
683 3401 717 3461 ἐν
739 3387 858 3479 ἀνδράσι
882 3385 1085 3478 γερασφόρον,
1117 3382 1177 3456 oiir'

148 3512 238 3566 cere,
268 3510 398 3573 eamque
418 3489 502 3573 quoii
518 3514 555 3553 ex
570 3491 640 3567 hoc,
679 3503 716 3562 rr
733 3491 942 3575 decissione,
963 3494 1002 3555 de
1018 3494 1177 3555 Centauro

109 3606 114 3615 '
147 3594 235 3678 quod
253 3591 309 3653 tibi
331 3612 368 3653 ea
387 3594 517 3668 arridet,
546 3616 642 3678 ugno-
681 3603 795 3662 Ixionis
814 3600 856 3667 f..
897 3611 949 3656 eut
978 3597 1066 3679 quod
1091 3597 1177 3678 opud

146 3689 238 3758 scere.
282 3696 441 3756 Poeticttm
461 3696 578 3758 senium
600 3700 641 3760 sd
682 3704 853 3763 Homerum
874 3695 933 3773 ost,
968 3695 1052 3763 θεῶν
1072 3695 1176 3781 oe'ixqrt

146 3799 218 3859 tolie
266 3794 375 3859 efferre
420 3797 540 3862 neceffe
587 3798 639 3864 eii.
681 3803 829 3881 γενέσθαι
864 3824 900 3866 re
940 3800 1103 3884 τραφέμεν
1139 3823 1176 3863 rr

149 3905 200 3965 62.
216 3902 348 3959 orrinon
363 3903 639 3985 risereparentes,
682 3904 785 3991 o‘dyff.
808 3928 839 3982 γ,
862 3904 911 3967 28.
933 3899 1095 3985 Defignari
1122 3924 1176 3963 uu·

146 4004 223 4064 Nee.
244 4003 393 4082 Exprimit
409 4005 458 4079 id,
480 4008 639 4090 quodiam
680 4024 743 4070 tem
757 4013 872 4088 recepti
886 4011 968 4067 inter
980 4006 1056 4067 deos
1072 4004 1174 4066 herois

146 4105 312 4168 dicendum
332 4122 415 4168 erat:
446 4107 535 4168 risum
557 4108 639 4171 hunc
680 4115 741 4170 vite
754 4110 870 4169 duabus
884 4107 975 4170 rebus
990 4107 1076 4180 solet,
1100 4128 1175 4169 con·

145 4215 248 4272 matris
285 4210 325 4272 ed
359 4211 496 4292 puellum
531 4228 638 4272 nutum
679 4217 761 4274 victu
782 4234 851 4274 cunt
872 4212 948 4273 Ioue
968 4211 1096 4272 erdere
1119 4211 1174 4271 oli·

144 4313 292 4376 laetitiam
342 4319 447 4377 metris
490 4336 636 4401 arguere,
679 4320 763 4380 cuius
785 4320 938 4402 coniugio.
978 4315 1028 4377 Sic
1041 4315 1082 4378 de
1094 4315 1172 4375 Her·
