2692 4914
267 336 562 414 rvootrot
585 337 705 411 ren.
726 334 1012 431 vurta-52
1117 333 1187 411 185

150 525 284 624 incipe
305 525 514 599 Maenalios
536 550 701 617 mecum,
736 549 822 598 mea
842 523 947 616 tibia,
979 520 1113 599 versus.

149 661 296 734 Saeuus
319 660 440 732 Amor
466 657 595 734 docuit
620 678 817 760 gnatorum
837 656 1010 757 languine
1028 675 1185 731 matrem

148 789 430 866 Conmaeulare
442 818 593 868 manus:
621 793 781 870 erudelis
797 810 839 864 tu
856 816 1027 892 quoque,
1048 809 1188 880 mater}
1281 809 1286 830 ¹

148 926 323 1001 Crudelis
343 943 464 1000 mater
484 933 619 1026 magis,
657 955 705 1001 en
731 953 826 1029 puer
845 927 1024 1026 inprobus
1043 925 1133 1001 ille?

145 1058 337 1161 Inprobue
366 1058 431 1134 ille
458 1085 574 1161 puer:
623 1062 783 1137 crudelis
816 1079 859 1132 tu
894 1086 1065 1163 quoque,
1107 1086 1185 1135 me·

442 1278 445 1284 ¹
776 1214 844 1270 ter.
1049 1164 1063 1189 ⁸
1132 1194 1182 1270 50

146 1332 277 1428 Incipe
298 1325 507 1401 Maenalios
527 1351 695 1421 mecum,
732 1355 817 1405 mea
837 1330 943 1421 tibia,
974 1326 1108 1408 versus.
1152 1326 1156 1335 ’

145 1467 257 1538 Nunc
278 1481 320 1537 et
343 1468 426 1536 ouis
444 1462 538 1537 vltro
558 1461 675 1563 fugiat
691 1463 820 1565 lupus3
844 1489 958 1538 aurea
979 1463 1096 1541 durae

210 1657 256 1719 49.
278 1648 314 1702 50
330 1645 386 1700 Etli
406 1645 530 1700 audacter
552 1646 653 1700 dictum
672 1644 817 1709 videbitur,
837 1646 918 1701 libere
939 1661 1028 1701 tamen
1047 1648 1181 1720 profiteor,

147 1730 229 1785 vulne
243 1732 300 1784 hoa
313 1730 348 1784 ab
360 1732 452 1803 inepto
471 1731 580 1786 homine
598 1752 629 1786 ex
642 1735 759 1804 margine
778 1731 865 1786 illator
880 1731 970 1785 videri.
1010 1732 1182 1807 Adscriplerat

151 1817 242 1888 aliquit
256 1835 311 1888 pro
322 1815 371 1870 fito
385 1817 500 1871 iudicior
535 1819 665 1872 Crudelis
684 1833 774 1870 mater
787 1825 879 1888 magls
899 1835 938 1868 art
956 1835 1028 1886 puer
1042 1821 1185 1891 improbus

151 1900 222 1954 ille?
255 1900 347 1964 Alter,
368 1920 398 1955 ac
410 1902 432 1957 fi
445 1901 524 1956 iudex
538 1902 644 1964 sederet,
665 1902 842 1975 adscripscrat:
867 1901 1018 1972 Improbat
1037 1904 1088 1956 ille
1102 1923 1182 1974 puer,

153 1986 276 2039 erudelis
295 2003 327 2039 tu
345 2006 472 2058 qnoque,
493 2003 589 2041 mater.
622 1989 741 2059 Dignum
757 1987 908 2062 operculum
923 1986 1032 2057 patellal
1063 1987 1107 2042 fed
1119 1973 1184 2043 tter*⁴

153 2091 200 2143 qn
216 2071 305 2125 rerfut
325 2071 509 2127 eliminandus.
577 2083 612 2142 49
630 2094 668 2125 arr
687 2088 770 2146 pater
785 2074 928 2143 improbus
947 2075 1011 2137 ¹110?
1041 2074 1183 2146 lnrprob'tte

154 2160 200 2211 lile
219 2174 320 2229 parer,
362 2176 390 2212 rt
408 2157 442 2210 de
461 2158 553 2211 Iasone
580 2157 753 2231 intelligatur,
793 2159 862 2212 coni.
883 2158 978 2213 Meurf.
1001 2158 1035 2213 ad
1053 2162 1182 2235 Lycophr.

154 2243 229 2296 lale.
250 2242 306 2296 rid.
320 2243 389 2297 Nor.
457 2245 491 2298 52
509 2245 593 2298 Nunc
612 2245 653 2300 ad
672 2265 738 2298 oues
755 2246 831 2298 vitro
849 2244 953 2318 fraglat
972 2248 1053 2318 lupus
1067 2247 1184 2314 zulich„

154 2329 220 2402 qnod
234 2329 337 2383 arridet
353 2331 515 2383 Burmanno.
549 2345 582 2384 vt
604 2349 671 2384 oues
689 2333 766 2384 virro
778 2329 863 2402 sugit
881 2331 949 2385 Ven.

189 2493 242 2565 47.
264 2485 359 2544 Hand
388 2484 482 2546 dubie
500 2486 646 2548 Medeam
688 2488 809 2569 culpam
831 2492 984 2551 remoueri
1003 2491 1113 2565 vellet,
1145 2495 1181 2555 in

156 2584 215 2647 [πω
235 2587 319 2647 filios
342 2609 379 2648 ex
400 2587 507 2650 lafone
525 2588 645 2670 perfido
688 2589 911 2652 dubitationem
933 2590 1056 2664 incidit,
1078 2597 1120 2654 ita
1135 2610 1180 2654 te·
1217 2610 1219 2614 ⁴

156 2694 260 2750 marito
295 2704 482 2750 mactantem
507 2692 646 2772 respicit3
687 2715 777 2767 men,
823 2709 856 2753 vt
894 2692 1020 2751 tandem
1058 2695 1202 2774 culpant,

157 2795 232 2852 mine
263 2791 339 2850 dum
368 2797 503 2854 immane
529 2796 645 2855 facinus
687 2802 807 2876 vtrique
829 2814 1025 2854 communem
1044 2793 1103 2854 effe
1124 2797 1179 2856 de·

158 2892 191 2950 ad
211 2895 361 2952 Amorem
389 2896 501 2969 refert,
534 2898 646 2979 refugit
687 2912 800 2955 cernat.
854 2896 903 2953 Vti
921 2893 997 2954 haec
1015 2911 1117 2969 recte,
1147 2911 1179 2957 vt

157 2991 289 3075 fimplicia
303 2994 429 3076 palloris
441 3002 559 3058 animur
573 2997 646 3058 hor·
687 2999 745 3056 feci
752 3041 762 3070 ,
787 2995 953 3056 defendere
968 3015 1018 3054 me
1032 2995 1117 3076 polle
1132 3019 1179 3058 er-

160 3116 220 3157 rore
235 3098 276 3156 ad
291 3103 471 3159 memoriam
495 3107 569 3161 tanti
584 3101 645 3161 sce·
687 3098 801 3171 bitror,
836 3112 939 3156 tamen
960 3112 993 3157 vt
1020 3100 1178 3178 praeclare

160 3196 234 3270 ierim
254 3204 359 3282 itaque
375 3201 413 3259 ad
430 3202 645 3284 corrigendum
688 3201 767 3259 dicta
789 3200 935 3261 extollere
951 3201 1058 3260 nolim.
1097 3199 1179 3263 inest

161 3301 201 3371 id,
234 3303 320 3384 qnod
342 3303 473 3375 dixerat,
509 3304 643 3374 subiicit;
688 3307 770 3362 enirn
795 3305 892 3363 ieiuni
914 3316 946 3360 et
972 3306 1071 3384 inepti
1099 3304 1178 3366 lusus

161 3403 294 3462 crudelis
315 3419 350 3462 ert
380 3427 509 3487 qnoque
529 3422 644 3466 mater.
686 3405 787 3466 nescio
808 3405 898 3489 quid;
932 3425 991 3464 nec
1009 3406 1125 3466 tollitur
1143 3407 1181 3467 il·

159 3504 211 3566 Etfi
241 3510 326 3566 enim
362 3508 401 3566 ad
435 3509 538 3570 vltima
565 3513 644 3571 mala
685 3508 750 3581 fud,
771 3506 908 3583 fimater
917 3509 1024 3568 Venus
1039 3505 1083 3567 fit.
1114 3511 1180 3568 Im·

160 3609 311 3690 impellere
333 3610 438 3669 infelix
464 3632 550 3674 amor
576 3613 646 3693 pof-
683 3610 807 3692 probus
820 3632 893 3672 vero
908 3612 953 3669 nil
969 3611 1062 3684 aliud,
1084 3634 1178 3694 quam

158 3705 203 3781 fi13
228 3727 262 3772 at
280 3711 343 3772 tale
365 3728 469 3772 temen
483 3715 575 3776 scelus
590 3736 645 3774 ne-
686 3713 844 3786 crudelis,
870 3711 1016 3790 saeuus,
1045 3715 1122 3774 Aen.
1136 3715 1176 3788 11,

157 3831 220 3888 mo,
253 3812 311 3874 nili
332 3814 395 3895 ipse
411 3819 535 3877 immani
558 3821 645 3898 inge-
687 3817 737 3878 80.
756 3818 797 3887 X,
812 3837 885 3896 727,
920 3815 1001 3875 vnde
1022 3816 1086 3877 fere
1107 3837 1179 3897 per·

155 3920 204 3976 rtio
228 3914 282 3991 fit,
312 3916 461 4000 fufcipiat.
504 3921 585 3978 Cum
600 3936 646 3981 ta·
686 3933 823 3977 mutatur
843 3939 912 3979 cum
933 3919 1061 4000 impius.
1095 3917 1178 3982 conf.

153 4038 224 4080 men
248 4021 340 4082 semel
366 4039 474 4084 contra
499 4025 646 4083 Amorem
686 4019 810 4082 Anthol.
827 4023 894 4082 Lat.
914 4023 939 4098 1,
958 4043 1029 4105 pag.
1043 4021 1115 4083 558.

153 4119 285 4182 trullam
312 4122 499 4205 suscepiflet,
539 4148 645 4210 neque

151 4244 280 4287 omnem
319 4242 487 4310 propterea
521 4229 561 4290 ab
604 4249 645 4292 eo
746 4230 788 4291 52
802 4230 909 4293 -56.
935 4228 981 4287 Ex
995 4217 1177 4295 Theonda
