2692 4914
408 330 475 403 m.
508 327 805 421 GEORGIGA
1047 334 1122 438 259

74 538 231 588 ronem
255 509 503 602 ‘Atacinum
558 521 730 619 integros
753 515 981 592 haberemus
987 549 1003 607 ,·
1047 549 1118 598 on·

73 665 167 709 non
197 636 324 708 multo
356 639 478 737 plura
513 644 672 740 irrigati
695 639 877 737 fontibus
897 642 1038 716 alienis
1056 653 1116 719 ia·

71 765 192 863 genii
206 757 376 860 veestigia
393 758 549 857 effemus
571 761 868 862 deprehensum?
922 767 1014 838 Non
1037 773 1113 842 ita-

73 911 160 987 que
193 893 354 955 temere
371 883 540 984 posuiffe
574 886 798 958 videbimur
828 885 950 965 illud,
1002 894 1114 988 quod

70 1006 221 1106 paullo
242 1024 338 1078 ante
360 1010 787 1089 commemorabamus,
830 1008 993 1108 defuiffe
1020 1015 1110 1085 Vir·

70 1130 177 1232 gilio
204 1131 388 1201 diuinam
408 1131 524 1205 illam
547 1159 660 1205 noua
690 1151 728 1205 et
757 1138 912 1203 intaeta
940 1133 992 1205 ab
1017 1138 1108 1210 aliis

68 1258 237 1354 proprio
269 1255 450 1354 quodam
481 1256 568 1351 nisu
600 1257 833 1354 proferendi
863 1260 967 1337 vim,
1011 1238 1106 1332 libe-

69 1403 166 1449 rum
187 1375 305 1447 illum
329 1380 455 1451 animi
479 1404 554 1477 per·
582 1383 721 1479 ignota
747 1397 786 1451 et
811 1383 1009 1455 intentata
1030 1410 1103 1455 oa-

67 1505 208 1602 gantis
243 1504 433 1598 impetum
439 1528 455 1585 ;
509 1527 625 1600 quem
663 1519 797 1572 tamen
832 1503 957 1600 ipsum
993 1532 1102 1578 oere-

69 1624 209 1696 ouuda
229 1620 324 1701 illa,
364 1639 474 1693 reeta
495 1640 533 1694 et
552 1621 767 1723 castigata,
805 1631 991 1698 carminis
1009 1630 1101 1726 pul·

70 1747 272 1818 critudine
297 1742 498 1840 redemiffe
519 1763 558 1818 et
588 1744 846 1847 compensasse
869 1751 1001 1822 videri
1031 1754 1099 1824 de·

70 1869 157 1956 bet;
186 1894 315 1968 neque
336 1872 379 1939 in
401 1867 476 1940 illa
496 1895 653 1944 morum
673 1876 865 1971 ‘vitaeque¹
881 1872 1095 1971 elegantia,

70 1997 182 2065 certis
215 1992 368 2065 decoris
402 1990 675 2090 ethonestatis
711 1995 917 2067 cuiusdam
946 1994 1097 2095 legibus

70 2112 282 2211 adstricta,
317 2119 451 2186 autin
472 2115 546 2186 illa
569 2118 776 2189 doctrinae
799 2143 848 2189 ac
871 2116 1094 2190 litterarum

68 2243 205 2338 copia,
250 2242 428 2336 quaein
471 2238 641 2338 Virgilio
665 2241 775 2336 fuit,
823 2238 922 2313 liber
958 2242 1027 2313 ille
1054 2257 1093 2312 et
1181 2281 1192 2322 ,·

58 2362 184 2460 supra
227 2361 419 2432 mortalia
457 2367 630 2434 emicans
660 2379 699 2434 et
731 2381 939 2463 tamquam
969 2364 1092 2434 alatis

66 2485 247 2558 Platonis
271 2486 377 2582 equis
401 2489 504 2555 inter
526 2483 645 2556 nubes
670 2505 825 2559 euectus
843 2487 1007 2586 spiritus
1028 2489 1102 2559 νὺ,
1144 2486 1149 2494 ’

63 2636 153 2708 gere
168 2612 324 2707 potuit,·
342 2607 441 2709 steri
460 2612 566 2679 enim
582 2610 700 2680 aliter
717 2615 791 2681 vix
806 2605 943 2707 potest,
962 2633 1087 2707 quam

63 2751 104 2802 ot
121 2733 224 2803 liaec
243 2731 431 2828 operosae
455 2735 662 2804 doctrinae
690 2729 798 2831 quasi
815 2728 983 2824 sarcina
1012 2735 1085 2799 im-
1167 2786 1170 2790 .

58 2873 191 2954 petum
209 2859 337 2927 animi
358 2857 598 2927 diuiniorem
619 2858 794 2929 retardet
800 2880 814 2933 ;
857 2853 984 2928 vnde,
1016 2878 1082 2921 ne-

62 3007 132 3079 que
154 3007 205 3052 ex
228 2981 463 3051 academico
482 2979 616 3075 nostra
634 2960 871 3071 institutione
890 2998 1083 3071 amquam

50 3105 316 3175 ¹'Homericum
354 3103 520 3200 aliquod
553 3098 755 3197 ingenium
789 3110 861 3162 aut
891 3089 1080 3190 proditffe

63 3201 126 3296 aut
149 3227 407 3325 proditurum
437 3221 528 3319 effe,
565 3216 697 3311 facile
736 3219 931 3314 augurari
964 3215 1078 3302 licet,·

63 3353 113 3417 ori
138 3365 280 3419 contra
305 3353 405 3418 inter
429 3356 572 3441 poetas
596 3336 765 3433 nostros,
805 3342 873 3417 iis,
906 3363 1077 3438 quorum

65 3474 197 3545 animis
232 3469 394 3569 Virgilii
415 3478 468 3534 'et
503 3464 682 3534 Homeri
702 3487 783 3532 non
810 3459 881 3555 nifi
910 3462 1078 3559 obseura

65 3593 193 3690 aliqua
216 3596 349 3668 notio,
392 3612 442 3658 ex
466 3584 612 3683 puerili
639 3600 796 3655 tantum
820 3582 1074 3685 institutione,

63 3713 209 3807 insidet,
255 3715 327 3781 vix
364 3707 549 3781 eminebit
577 3703 771 3806 castigata
800 3726 837 3779 et
862 3707 1074 3781 elaborata

63 3836 197 3914 dictio,
230 3851 341 3906 recta
361 3850 398 3905 et
415 3828 524 3929 casta
547 3832 731 3901 carminis
749 3830 978 3928 pulcritudo
1001 3842 1074 3902 aut

60 3957 252 4056 elegantia
287 3985 337 4029 ee
372 3960 520 4057 ingenii
555 3953 662 4024 cultu
705 3951 950 4051 exqufitiore
978 3962 1084 4052 proi

48 4079 176 4171 fecta,
200 4063 203 4068 ’
225 4106 330 4179 quae
357 4108 406 4152 ex
434 4081 687 4179 diligentiora
712 4082 967 4177 antiquorum
984 4071 1083 4173 stu·-

55 4203 118 4273 dio
144 4209 420 4302 comparanda
448 4200 511 4302 eft
571 4202 810 4282 Enimuero,
842 4199 1072 4296 stHomero

1169 1224 1187 1262 ὁ.
