2692 4914
138 262 243 370 nn
473 258 862 363 Panatnuto

141 490 346 584 trinitrem,
372 505 429 582 vt,
455 508 645 597 quotquot
660 489 815 592 quidem
834 488 1016 565 lectiones
1035 494 1179 563 vanan-

142 653 199 710 tes
219 627 356 705 alicubi
381 643 551 726 repertae
570 621 702 716 essent,
750 629 791 696 in
817 623 893 700 hoc
916 622 1044 701 saltem
1061 643 1178 726 poeta

141 773 184 845 in
204 789 314 840 vnam
334 759 539 836 editionem
559 756 674 834 ellent
698 755 910 858 congestae:
955 777 995 834 vt
1013 758 1101 836 hoc¹
1114 786 1180 835 ex·

144 901 269 1003 amplo
288 892 478 999 proposito
501 892 754 969 adolescentes
777 889 926 968 studiosi
947 898 1104 968 omnino
1119 920 1180 968 va·

142 1039 269 1112 nantis
289 1037 330 1103 in
352 1027 463 1103 codd.
485 1045 524 1104 et
547 1026 634 1104 edd.
657 1026 831 1102 lectionis
852 1052 997 1102 morem
1019 1047 1060 1103 et
1076 1027 1180 1108 vrum

143 1167 393 1254 addiscerent,
409 1161 680 1262 -sollennesque
694 1157 813 1262 lapsus
833 1179 872 1235 et
893 1160 1182 1240 allucinationes

143 1303 377 1381 librariorum
412 1293 479 1369 srbi
515 1294 712 1370 familiares
748 1293 962 1371 redderent.
1040 1300 1183 1374 Curaui

144 1460 273 1516 tamen
299 1427 405 1506 simul
434 1430 528 1522 hoc,
573 1448 613 1505 vt
641 1428 717 1504 hoc
745 1426 823 1531 ipso
844 1430 1018 1532 exemplo
1041 1458 1183 1533 propo-

145 1571 213 1650 sito
240 1569 394 1641 omnino
422 1563 471 1637 de
507 1582 591 1638 toto
619 1562 696 1638 hoc
727 1587 867 1662 genere
887 1583 992 1640 recte
1020 1563 1184 1644 statuere

145 1698 398 1780 assuescerent.
450 1700 552 1772 Bene
573 1701 675 1773 enim
698 1720 746 1771 ex
767 1701 887 1797 prima
911 1716 1035 1774 aetate
1054 1725 1182 1776 recor·

145 1840 233 1929 dor,
281 1859 394 1936 quam
422 1857 555 1933 pamm
582 1831 773 1932 explicitas
798 1849 837 1906 et
862 1828 972 1905 iustas
1002 1839 1182 1911 notiones

145 1974 195 2048 de
215 1972 381 2045 lectione
403 1972 567 2042 variante
582 1964 810 2040 imbiberim:
850 1991 938 2042 cum
960 1990 1041 2039 non
1063 1967 1183 2043 modo

146 2104 364 2182 eruditionis
394 2072 568 2176 liberalia
585 2099 764 2174 summam
791 2105 833 2174 in
863 2105 1010 2191 critica,
1050 2125 1183 2176 verum

147 2242 259 2315 etiarn
285 2238 430 2309 critices
451 2234 628 2308 summam
647 2241 687 2308 in
709 2234 881 2309 lectionis
901 2238 1075 2309 variantis
1100 2234 1183 2309 dili·

146 2373 315 2473 gentiore
336 2365 456 2443 studio
478 2389 517 2444 et
537 2373 577 2442 in
594 2369 777 2445 elicienda
792 2369 917 2471 aliqua
937 2367 1040 2443 selici
1055 2394 1184 2444 ernen-

147 2506 300 2578 datione
320 2501 381 2574 vel
400 2507 633 2594 coniectura,
668 2495 855 2579 contineri
878 2502 1060 2577 audirem.
1117 2505 1185 2578 At·

146 2643 213 2740 qui
233 2640 353 2708 maior
372 2636 481 2709 huius
503 2661 615 2711 curae
645 2663 730 2738 pars
759 2636 809 2710 ad
842 2636 960 2711 solum
995 2636 1183 2713 editorem

147 2771 303 2879 spectat,
339 2767 603 2844 adlectionem
627 2790 666 2846 et
683 2775 1033 2873 interpretationem
1047 2776 1182 2872 parum

145 2924 211 2978 aut
233 2902 344 2992 nihil,
391 2927 464 2978 nec
494 2899 561 2976 nili
588 2908 629 2977 in
651 2904 744 2981 locis
770 2904 911 2996 dubiis,
953 2903 1118 2981 obscuris
1143 2924 1182 2983 et

146 3042 341 3139 corruptis.
392 3039 534 3111 Verum
558 3056 597 3112 et
617 3039 693 3140 ipse
708 3038 832 3114 editor
847 3065 895 3115 ex
909 3043 1016 3114 omni
1028 3039 1096 3116 illa
1110 3040 1182 3115 sar-

3 3230 6 3239 .
144 3178 273 3271 regine
301 3195 489 3272 perpauca
522 3172 656 3248 tollere
685 3169 806 3274 potest
813 3202 825 3265 3
867 3171 1047 3275 quorsum
1080 3180 1211 3255 enim'

144 3328 214 3405 pro
235 3302 401 3378 lectione
421 3308 586 3381 variante
607 3304 785 3382 sollennia
810 3324 849 3382 et
876 3307 925 3381 ad
946 3305 1090 3383 sensum
1114 3308 1180 3384 ob·

144 3440 202 3512 via
221 3440 309 3511 vitia
339 3435 590 3530 librariomm,
644 3465 789 3515 errores
815 3459 854 3515 et
873 3438 1043 3542 stupores
1064 3448 1180 3518 mani·

144 3567 242 3660 sesti,
279 3567 481 3645 sexcenties
502 3570 780 3647 obtruduntur?
823 3578 993 3673 inprimis
1020 3576 1087 3651 vbi
1104 3601 1179 3681 me-

60 3792 65 3804 .
142 3701 214 3774 lior
233 3708 307 3775 iam
327 3701 440 3778 lectio
471 3703 645 3779 inbonis
674 3705 903 3782 editionibus
933 3708 1077 3813 ubique
1102 3711 1178 3788 vul·

140 3851 224 3934 gata
247 3832 309 3908 esi.
374 3835 586 3913 Subtilitate
612 3844 756 3914 maiore
782 3845 824 3913 in
849 3839 1092 3943 scriptoribus
1113 3871 1180 3945 pa·

140 3985 224 4036 turn
252 3966 444 4064 perpolitis
477 3990 542 4043 aut
571 3976 614 4044 in
646 3972 740 4047 locis
773 3983 960 4078 corruptis
992 4003 1091 4079 opus
1114 3976 1178 4054 est.

139 4090 200 4167 Eli
219 4095 290 4170 alia
309 4102 481 4192 satietas,
525 4129 623 4205 quae
644 4130 716 4182 nec
739 4111 781 4181 in
803 4108 1013 4197 sententiae
1035 4136 1112 4189 uec
1136 4117 1179 4190 in
