2692 4914
389 304 468 378 AD
493 301 834 379 GEORGICON
856 305 999 380 utut
1033 374 1035 379 .
1137 312 1212 397 405

175 489 364 551 [iserenitas
385 492 534 566 redditur,
556 496 691 553 cernitur
711 513 779 552 non
800 491 923 567 obtusa,
952 495 997 553 Et
1016 493 1117 581 surgit,
1147 503 1210 561 ori·

175 593 1266 677 mmmmmmmmmmwwmmmmffi'

175 694 312 756 obnoxie
335 695 435 756 fratris
455 696 556 757 tediis.
605 695 719 776 Inpius
748 702 782 758 in
809 698 997 758 disiunctiuis
1027 697 1127 761 iimilis
1151 701 1208 764 ob·

165 796 311 858 ‚sentitus
330 794 374 856 est
393 813 425 857 et
446 798 510 857 eltis
533 800 567 856 in
589 796 674 870 locis,
697 813 730 858 et
748 797 860 882 legitur
881 819 1007 883 quoque
1026 802 1071 860 Et
1081 803 1208 881 fractis

167 900 254 981 apud
276 897 379 959 Schol.
401 900 490 958 Statii
513 896 613 958 Theb.
637 899 683 968 X,
710 903 778 977 146.

273 997 1203 1088 mmmfflmmMmmmffiffim,

164 1121 250 1186 quae
273 1101 455 1185 sequuntur,
493 1121 559 1162 non
574 1105 681 1185 'magis
708 1098 749 1163 fic
775 1100 835 1164 ess'e
860 1102 996 1185 apposita
1024 1121 1056 1166 et
1082 1126 1205 1168 acrom-

140 1203 559 1293 ¹modtuesensnipoetae
610 1204 1204 1289 Nfflmmrmnnm‚qmestmm-

165 1311 238 1370 tatis
264 1303 458 1388 prognostica
492 1301 551 1364 effe
580 1304 754 1368 debebant:
803 1309 928 1366 Tenuie
956 1313 1018 1366 nee
1042 1343 1084 1356 —-
1123 1309 1201 1370 Non

167 1404 326 1489 tepidum.
368 1408 443 1466 Nun
466 1427 523 1464 ore
533 1409 566 1484 fi
589 1407 635 1466 Ite
658 1410 782 1468 tendent
802 1410 939 1490 perspexi
963 1431 982 1469 e
1002 1424 1068 1470 toto
1089 1427 1202 1491 poetae

163 1507 293 1570 consilio
321 1507 454 1568 ebeneri
481 1530 541 1589 per
574 1506 659 1569 istem
689 1514 991 1591 interpretationem:
1043 1527 1075 1572 et
1102 1514 1200 1577 intere

161 1611 304 1672 fraudent
325 1615 359 1670 in
381 1631 431 1681 eo,
468 1609 554 1693 quod
576 1612 818 1672 animaduersum
845 1611 927 1672 haud
953 1627 1035 1683 eret,
1071 1631 1200 1694 poetam

160 1718 266 1794 primo
292 1733 358 1772 rem
384 1713 537 1774 declarare
562 1717 725 1794 negarine,
771 1715 844 1772 dum
867 1713 975 1788 docet,
1014 1711 1113 1775 abesse
1148 1737 1197 1792 ea,

160 1811 1033 1898 qmehffimoemtwmfflmmtmmnmpdffitm
1065 1815 1261 1897 ΐοΙυειυεςΛ

159 1932 230 1978 turn
254 1915 294 1975 vs.
316 1926 377 1994 401
418 1915 537 1976 subiicit
556 1935 611 1988 ee,
649 1937 730 1998 quae
752 1936 822 1977 vere
843 1919 879 1976 iis
899 1932 964 1976 tum
988 1913 1196 1981 success'erint:

155 2019 212 2082 At
245 2017 386 2076 nebulae
412 2021 517 2095 magis
543 2020 612 2076 ima
636 2031 765 2098 petunt.
825 2017 919 2098 Quod
944 2034 979 2091 et
1000 2018 1114 2079 Plinius
1141 2019 1197 2081 hat

158 2121 217 2182 bet
237 2120 353 2192 xvtlt,
374 2120 394 2180 s.
417 2122 458 2183 85
479 2118 620 2178 nebulae
641 2141 660 2177 e
679 2117 844 2178 montibus
862 2117 1105 2196 descendentes,
1133 2136 1196 2184 ane

159 2224 255 2282 eaelo
278 2222 451 2290 cadentes,
484 2223 541 2282 vel
565 2225 602 2287 in
621 2219 941 2296 vallibttsfidences,
973 2221 1195 2298 serenitatem

152 2328 367 2421 promittunt.

259 2426 369 2508 Itaque
394 2429 427 2484 in
456 2420 508 2484 vtr.
535 2425 719 2504 395-400
762 2427 907 2506 negetiue
942 2438 1037 2504 poeta
1063 2429 1194 2505 exponit
1243 2463 1244 2466 =

154 2528 341 2592 sententiam
362 2525 461 2599 suem,
491 2542 524 2586 et
546 2522 741 2585 successuram
764 2527 840 2585 caeli
862 2527 1051 2585 serenitatem
1073 2532 1193 2588 omine·

155 2647 210 2692 tur
229 2635 330 2711 primo
351 2651 387 2691 ex
408 2627 541 2687 absentia
564 2648 689 2698 eorum,
727 2649 807 2709 quae
835 2625 947 2687 imbres
976 2629 1192 2705 impendentes

154 2750 188 2794 et
222 2749 341 2812 tempus
376 2729 550 2810 plunioium
587 2730 768 2789 denuntiare
798 2725 920 2809 poffint.
982 2727 1060 2787 Sunt
1088 2746 1190 2789 autent

154 2835 237 2897 haec
258 2834 326 2894 ista:
354 2832 527 2908 stellarum
548 2833 636 2889 acies
659 2829 790 2905 obtusa,
828 2831 907 2888 luna
929 2829 1054 2896 latens,
1088 2831 1192 2918 nttbee

154 2953 318 3017 tanquam
344 2935 512 3013 gregales,
547 2925 730 3014 (ἐγεληδδν)
763 2951 826 3012 per
852 2936 964 2988 ae'rem
991 2946 1106 2997 accae,
1141 2933 1192 2996 al-
1217 2972 1218 2975 =

152 3059 276 3119 cyones
307 3059 349 3095 ex
371 3037 471 3114 sensu
508 3037 654 3114 instantis
687 3034 826 3113 planiae
852 3029 1076 3103 expandentes
1104 3034 1192 3103 alas,

139 3145 228 3223 fines
248 3153 398 3198 eruentes
411 3139 554 3218 frugum
575 3136 762 3215 mcznipnlos
805 3136 916 3193 Omnia
935 3132 1012 3192 haec
1028 3153 1112 3193 nunc
1125 3155 1192 3198 nou

150 3248 239 3306 cerni
254 3247 306 3313 ait,
327 3261 410 3300 nunc
424 3237 533 3299 abeffe.
575 3234 689 3298 Contra
705 3257 777 3298 vero
793 3236 831 3297 vs.
848 3245 905 3312 401
938 3235 1040 3293 nubes
1059 3234 1189 3312 ἅψεα-

149 3346 238 3407 dune
253 3347 288 3402 in
304 3358 421 3410 terras,
444 3362 523 3400 aere
542 3355 691 3407 tenuato,
715 3355 748 3397 ec
764 3338 943 3405 demittunt
952 3337 997 3413 se
1016 3340 1051 3396 ia
1073 3340 1189 3407 vallos,

148 3465 182 3510 et
201 3447 240 3507 stc
258 3466 362 3527 porro.
392 3445 484 3503 Nunc
500 3447 581 3502 enim
597 3439 778 3501 effirtnetiue
792 3439 945 3521 praesagia
961 3438 1127 3500 serenitatis
1141 3445 1189 3500 in·

149 3548 256 3613 flantis
283 3561 451 3609 enumerat.
494 3545 721 3605 Sententiarum
742 3546 851 3602 veritae
874 3546 908 3601 in
928 3540 972 3601 his
987 3541 1135 3615 elucescit,
1156 3557 1189 3604 et

151 3668 254 3714 totam
266 3652 327 3710 lori
347 3653 631 3727 interpretationem
649 3667 731 3706 nnnc
746 3650 779 3723 in
792 3647 881 3706 Notis
904 3641 944 3704 fic
965 3643 1081 3704 refinxi.

238 3753 284 3812 Ite
305 3772 379 3812 vero
400 3750 515 3823 versus,
553 3751 591 3809 ad
615 3770 707 3832 quem
735 3753 835 3808 omnis
863 3746 945 3816 bona
974 3749 1187 3825 interpretatIo

150 3852 353 3925 offendebat,
395 3874 501 3913 verum
536 3852 617 3912 suum
646 3850 759 3911 sensum
782 3849 875 3909 'facile
905 3862 1081 3927 recuperat:
1126 3868 1188 3906 nee

142 3960 275 4040 fratris
294 3954 398 4015 radiis
419 3954 564 4022 obnoxia
576 3956 717 4032 surgere
737 3955 854 4017 Luna:
892 3972 963 4010 vere
983 3953 1065 4009 enim
1089 3948 1186 4009 senius

147 4058 205 4138 est,
230 4074 260 4118 et
281 4055 341 4119 effe
363 4058 473 4119 debet:
503 4077 561 4117 nec
581 4058 668 4116 Luna
687 4056 778 4115 lucet.
822 4055 1000 4124 Enimuero,
1027 4051 1187 4134 quomode

146 4162 213 4224 hoc
237 4183 307 4222 cum
335 4165 445 4225 ceteris
469 4163 653 4234 conueniat,
691 4158 815 4218 tandem
841 4176 880 4220 ex
905 4155 976 4217 loco
1002 4156 1088 4221 Arati
1113 4149 1193 4212 atre

192 4280 294 4341 Tun.
311 4279 334 4340 1.
743 4273 806 4357 Yy
