2692 4914
171 320 174 324 “
226 345 659 423 nvcomcancu.
681 345 725 436 v,
741 342 913 443 69-78
1017 319 1085 425 135

55 537 159 608 Haec
200 531 272 606 tibi
305 501 447 636 semper
489 550 613 625 erunt,
662 549 701 606 et
739 557 856 633 quum
898 529 1087 614 sollemnia

670 681 758 739 Vota

57 800 467 900 ReddemusNyrnphis‚
479 816 517 872 et
531 823 648 898 quum
656 798 888 873 lustrabimus
900 824 1018 898 agros.
1036 805 1083 902 75
1207 864 1209 870 Α

58 937 159 1011 Dum
179 941 269 1040 iuga
287 916 426 1011 montis¹
448 958 554 1033 aper,
595 933 731 1006 fluuios
754 933 844 1008 dum
861 931 965 1034 piscis
988 962 1085 1014 ama-

672 1068 738 1160 bit,
1084 1075 1088 1081 “

59 1203 240 1303 Dumque
263 1197 391 1291 thymo
415 1197 610 1299 pascentur
630 1227 735 1303 apes,
774 1201 865 1278 dum
883 1229 969 1279 rore
990 1207 1089 1281 cieo·

675 1336 766 1411 dact

63 1467 212 1573 Semper
227 1468 351 1541 honos
370 1476 586 1569 nomenque
605 1485 712 1542 tuum
731 1469 937 1570 laudesque
959 1461 1085 1549 mane]

673 1602 780 1676 bunt.

123 1773 157 1831 74
175 1762 258 1815 dona
274 1760 391 1814 Parthas.
413 1777 440 1814 et
458 1778 505 1830 pro
527 1779 578 1814 rar.
596 1760 656 1816 lect.
674 1749 738 1815 mua
753 1762 826 1817 Leid.
901 1764 933 1831 75
953 1779 979 1817 et
999 1747 1092 1819 collm'

58 1845 206 1919 sorbemus
223 1865 286 1901 area.
321 1845 553 1916 conlustrabtmus
570 1866 633 1900 vnua
647 1849 736 1901 Burm.
806 1848 840 1916 76
858 1857 965 1900 amauit
983 1850 1055 1902 Gud.
1071 1869 1087 1903 ι

64 1951 94 1984 ι.
105 1953 143 2003 pr.
215 1950 249 2002 77
261 1930 414 2000 pascamur
427 1930 509 1991 Gud,
528 1932 602 2006 quod
615 1948 700 1988 tuetur
709 1933 783 1990 Cott.
796 1931 832 1985 ad
843 1931 911 1988 Ptin.
919 1933 1017 2006 hipp.
1031 1925 1084 2005 9,s.

65 2020 93 2086 78
108 2016 205 2073 versus
224 2017 352 2088 repetitus
366 2020 431 2070 Aan.
444 2018 464 2079 Ι,
479 2019 539 2089 609.

65 2188 177 2261 a,·ra5,
203 2200 239 2248 vt
259 2182 313 2259 fit,
338 2184 480 2268 Satymm
498 2183 554 2246 sal·
594 2185 876 2267 Tibull.II,1pr.
916 2187 1087 2248 Fatendum
1166 2168 1174 2181 '

63 2287 140 2349 tabit.
594 2291 687 2371 igitur
709 2285 767 2362 est,
790 2288 830 2350 ad
845 2289 961 2350 Siculos
981 2295 1085 2371 potius
1118 2307 1126 2321 ·

98 2399 147 2471 74.
170 2392 225 2476 75.
266 2389 329 2463 Ea,
360 2407 440 2472 quae
463 2404 553 2451 antea
594 2394 669 2450 ritus
691 2391 919 2452 accommodata
940 2389 1015 2452 haec
1033 2390 1088 2451 ha·

63 2493 200 2556 mnibus
216 2490 326 2552 diebus
346 2489 427 2552 sestis
447 2489 477 2551 se
491 2490 554 2550 fac·
594 2491 661 2554 beri
685 2492 807 2558 debere.
867 2494 975 2578 ltaque
1004 2498 1088 2576 cogi·

64 2610 155 2656 turum
170 2591 235 2655 else
254 2594 388 2666 dixerat,
416 2612 500 2653 nunc
514 2593 553 2653 ad
595 2596 721 2656 tandum
748 2584 935 2676 simpliciter¹
950 2595 988 2657 de
1010 2594 1086 2656 festo

65 2697 117 2758 dno
137 2697 292 2758 sollennia
315 2693 478 2776 insigniora
505 2716 553 2755 re·
593 2697 821 2781 Nympharum,
845 2712 877 2757 et
894 2699 990 2757 altero
1010 2694 1085 2756 sesto

65 2817 160 2861 roma
184 2799 316 2859 alterum
329 2797 552 2881 Nympharum,
595 2822 735 2883 agrorum
748 2797 979 2872 lustrandorum.
1017 2799 1087 2857 Dis-

68 2902 188 2964 ahemm
202 2898 551 2982 lustrationisagrorum.
595 2909 689 2963 cernit
706 2903 767 2984 ipse
781 2915 875 2981 poeta
892 2899 996 2978 paullo
1017 2896 1086 2978 post

69 3003 124 3084 lpse
150 3019 250 3087 poeta
287 3003 393 3085 penho
424 3016 495 3061 ente
523 3023 551 3059 v.
594 3026 622 3065 v.
638 3025 677 3084 79
713 3003 825 3064 sacrum
845 2999 956 3060 Bacchi
978 3015 1010 3058 et
1028 3001 1087 3058 Ce-

72 3109 112 3187 69.
130 3129 174 3189 7⁰
199 3107 277 3167 bine
300 3105 380 3166 binis
410 3103 554 3165 sollenni-
595 3110 667 3166 reris
684 3103 722 3164 ab
738 3106 803 3179 illo,
825 3104 912 3187 quod
927 3099 1086 3182 Daphnidi

71 3208 116 3271 hm
135 3228 280 3292 tempora
300 3205 439 3290 affigunt,
468 3207 555 3266 elteri
596 3205 773 3269 instituetur.

71 3312 133 3376 sesto
155 3313 333 3384 hibernum,
356 3311 443 3370 alteri
470 3306 556 3369 aesti·
638 3315 678 3391 76
685 3311 785 3390 -78.
812 3304 987 3368 Fastiditum
1002 3328 1085 3370 nunc

72 3436 148 3477 turn:
169 3430 351 3477 nontamen
366 3408 419 3473 iste
434 3413 473 3472 ad
488 3410 518 3472 h.
533 3413 553 3471 l.
596 3413 670 3487 hoc,
700 3413 784 3497 quod
807 3411 956 3472 delectare
979 3411 1086 3472 debuit

69 3520 165 3581 referri
181 3513 269 3601 posse
283 3515 434 3576 videntur.
463 3515 555 3595 Apud
595 3537 712 3577 nouum
731 3516 845 3575 dictum
865 3518 900 3575 in
919 3531 1013 3595 poeta
1020 3559 1030 3589 ‚
1054 3513 1084 3576 h.

68 3621 219 3684 Romanoa
246 3618 383 3681 sollenne
405 3616 555 3702 Nymphis
595 3620 614 3679 l.
629 3623 706 3680 Aen.
720 3619 745 3692 1,
762 3623 822 3698 607
841 3616 904 3700 sqq.
927 3632 959 3677 et
980 3617 1043 3679 Ecl.
1059 3604 1085 3691 l,

66 3723 231 3786 institurum
252 3719 339 3782 fuisse
361 3720 484 3781 aliunde
506 3724 555 3778 vix
596 3727 636 3786 60
659 3723 721 3806 sqq.
743 3736 776 3780 vt
797 3712 1085 3801 temporis'dumtio

64 3826 184 3890 omar.
206 3821 372 3900 Lustratio
386 3844 555 3901 agrorum,
595 3845 652 3905 per
699 3823 847 3884 eiusmodi
891 3822 1085 3883 inductiones

58 3927 119 3991 line
162 3926 369 3998 ambernah'a,
418 3925 554 3987 moribus
589 3928 821 4000 *declaretun-
846 3924 925 3984 dum
944 3944 1019 3982 rore
1039 3924 1084 3982 ci·

57 4032 186 4117 quidem
199 4029 348 4089 Romanis
364 4026 479 4088 fiebant
500 4026 552 4087 sub
596 4029 718 4097 rodae:
739 4034 863 4111 antiqua
883 4029 1000 4107 opinio.
1020 4023 1082 4082 vid.
1090 4090 1101 4113 ·.

52 4135 158 4196 casum
171 4131 293 4201 hiemis,
312 4136 373 4191 iam
388 4152 459 4192 vere
476 4131 554 4192 sere·
595 4124 1085 4207 Hefiod.Sc.Herc.595.Theocr.

49 4258 108 4303 no.
128 4258 163 4298 v.
185 4236 303 4318 θροις.
323 4232 348 4311 1,
369 4237 441 4316 540,
464 4251 497 4297 et
514 4235 554 4295 ae
585 4210 820 4320 '1a511.1v,1e.
845 4233 882 4294 ct.
897 4224 995 4290 vrfin.
1010 4226 1084 4287 cer·
