2700 4906
256 314 331 393 522
468 306 1085 387 P.V1RG1L11MARON18
1128 273 1135 288 ’
1179 334 1185 353 =

168 508 171 518 '
258 501 442 602 Taygeta!
486 524 528 589 ο,
555 501 620 597 qui
641 521 704 571 me
727 497 857 596 gelidis
877 501 918 569 in
937 493 1100 570 vallibus
1119 495 1258 568 Haemi

260 637 385 725 Sistat‚
416 652 455 708 et
474 636 618 732 ingenti
643 656 834 703 ramorum
855 648 1030 731 protegat
1050 628 1207 703 vuabra!

262 772 382 858 Felix,
414 772 479 869 qui
499 769 624 868 potuit
647 788 773 838 rerum
795 763 1022 865 cognoscere
1044 759 1209 853 cauffos3
1232 771 1297 861 490

169 936 173 944 “
262 933 402 992 Medicam
427 931 456 983 in
477 947 590 1003 quatuor
603 927 765 999 sperabam.
800 926 849 981 Alii
863 927 1085 997 Sperchiusque,
1106 924 1258 996 Sperchios
1268 937 1297 984 α,

263 1019 482 1090 Sperchiusque,
503 1017 555 1069 hoc
571 1017 676 1087 qnidam
694 1014 721 1066 in
734 1013 819 1084 vulgg.
835 1012 896 1066 edd.
910 1032 933 1064 v.
950 1009 1041 1064 flans.
1055 1009 1086 1062 h.
1101 1009 1120 1062 l.
1135 1025 1164 1063 et
1180 1008 1214 1062 ad
1225 1008 1297 1064 Ouil-

263 1106 330 1160 Μαι.
352 1105 383 1173 1,ᾳ
395 1104 454 1171 579.
528 1103 579 1166 488
599 1100 705 1170 gelidis
724 1099 904 1153 conuallibus
923 1097 1029 1150 Medic.
1059 1110 1088 1149 ot
1114 1113 1185 1151 mus
1200 1093 1297 1157 Mac,

139 1185 152 1212 '
262 1188 346 1248 forto,
371 1185 477 1257 gelidi,
509 1187 595 1256 inquit
614 1183 702 1238 Heius.

266 1329 380 1404 campis
398 1322 437 1381 ad
455 1321 653 1401 Sperchium‚
684 1342 766 1383 cam·
808 1315 1297 1399 advl477.Colurnellainprccf.

263 1432 313 1508 pis
329 1420 518 1498 Themillae,
541 1428 575 1484 in
589 1429 674 1485 cuius
691 1445 767 1485 con·
807 1428 869 1483 iam
890 1444 907 1482 a
930 1421 1031 1482 Corda
1053 1419 1216 1480 laudatus:
1245 1420 1299 1478 aa

266 1527 346 1588 finiia
391 1522 494 1585 subter
526 1528 639 1587 Oetam
677 1547 766 1587 mon·
808 1522 1077 1604 rustica-qaae
1088 1519 1170 1596 [ωε
1179 1519 1299 1580 dabito-

265 1643 330 1688 tem
345 1626 460 1688 fluuius
475 1629 527 1689 ille
540 1632 574 1688 in
587 1627 685 1689 finum
700 1627 767 1686 Ma·
808 1631 899 1688 tione
912 1625 1114 1706 proximet
1127 1621 1221 1706 qnqfi
1232 1643 1299 1683 con·

265 1732 378 1792 lineum
418 1736 489 1791 exit.
555 1732 699 1810 Taygeta
727 1729 762 1793 lc.
798 1731 992 1808 sanguinea
1021 1725 1223 1807 sapientiae
1254 1722 1299 1802 ast.

266 1836 357 1915 iuga,
384 1823 454 1916 ’σ’ρη,
484 1846 517 1891 vt
536 1828 572 1895 τό
594 1825 764 1907 Ταΰγετον,
809 1833 919 1892 Cicero
934 1835 967 1890 in
977 1830 1045 1888 Cat.
1059 1832 1135 1888 mai.
1147 1832 1186 1894 15
1200 1827 1297 1923 Venio

266 1948 390 1995 montes
414 1954 450 1993 ex
478 1935 608 1994 Arcadia
633 1955 691 2014 per
718 1947 765 1993 to·
807 1930 955 1992 nuncad
972 1930 1170 2008 voluptates
1182 1932 1299 2008 agrico-

268 2052 333 2097 tam
363 2038 546 2098 Laconicam
580 2055 765 2115 procurren-
806 2036 926 2101 larum,
948 2031 1068 2115 quibus
1083 2054 1148 2112 ego
1169 2031 1299 2094 incredi-

268 2154 331 2208 1083
374 2136 508 2198 subiecta
537 2142 574 2197 iia
598 2139 706 2216 Spano
733 2153 765 2198 et
809 2138 920 2197 biliter
941 2134 1110 2204 delector,
1143 2157 1232 2219 quaa
1248 2154 1300 2194 acc

269 2241 401 2300 Eurotas
425 2243 532 2303 amnia.
590 2238 765 2306 bacchata,
806 2240 876 2299 vlla
895 2236 1128 2317 impediuntur
1154 2239 1299 2316 senectu-

269 2337 397 2421 paffiue‚
416 2361 496 2420 quae
512 2339 690 2400 bacchando
705 2344 765 2402 fre·
807 2357 853 2409 ee,
873 2338 1001 2399 etmihi
1021 2337 1300 2420 adsapicmccai·

269 2455 477 2522 quentantur,
513 2445 547 2501 in
573 2443 684 2525 quibua
707 2447 766 2503 vir·
808 2457 877 2502 tam
894 2443 1048 2520 proximo
1067 2440 1233 2503 videntur
1252 2462 1299 2500 cc·

268 2547 355 2625 gines
370 2545 529 2603 Lacaenae
544 2544 696 2616 bacchari,
716 2567 766 2605 or·
808 2543 932 2603 cedere.
966 2544 1188 2625 Philosophiae
1207 2562 1298 2607 auten

268 2649 319 2727 gia
335 2645 444 2705 Bacchi
466 2646 633 2718 celebrare,
656 2646 763 2706 solent.
805 2647 1007 2706 Lucretianae
1033 2653 1138 2728 capita
1161 2647 1213 2709 hic
1238 2668 1299 2729 pto·

269 2748 320 2805 Sic
352 2746 513 2806 bacchata
532 2749 655 2808 'Nanos
685 2752 763 2809 Aen.
806 2749 879 2808 ferri
916 2769 952 2806 ex
982 2755 1089 2829 primis
1120 2749 1223 2810 statim
1247 2753 1298 2810 Lu-

267 2849 322 2920 111,
349 2854 416 2910 125.
478 2852 552 2909 Erat
578 2866 681 2911 autem
711 2850 764 2910 sub
808 2853 895 2909 cretii
908 2856 1030 2930 paginis
1051 2851 1297 2913 manifestumfit.

268 2949 410 3030 Taygeto
429 3024 430 3028 Ἰ
456 2950 568 3011 Bacchi
604 2953 764 3033 ternplum,
807 2973 836 3011 ν.
851 2953 973 3010 Lucret.
988 2953 1013 3024 l,
1029 2961 1071 3032 49
1090 2953 1158 3038 sqq.
1180 2958 1221 3016 ad
1238 2958 1297 3025 150,

270 3051 356 3131 qood
372 3048 469 3111 adhuc
484 3052 650 3115 Pausaniae
666 3072 765 3116 aetate
808 3058 862 3136 qui
886 3053 984 3112 versus
1003 3062 1116 3134 optimi
1138 3056 1229 3118 huius
1247 3059 1297 3118 loci

268 3151 437 3217 visebatur:
468 3155 506 3211 ad
528 3157 559 3214 id
574 3157 642 3218 solis
657 3160 765 3218 mulie-
808 3161 1020 3216 commentarii
1039 3158 1120 3218 sunt.
1164 3161 1255 3220 Eone
1272 3173 1297 3218 ot

270 3250 354 3311 ribus
376 3251 473 3311 aditus
490 3257 631 3333 patebat,
654 3275 685 3318 et
698 3282 765 3319 mu·
808 3259 943 3318 Graecus
967 3275 1065 3338 poeta
1089 3264 1212 3343 vtrique
1235 3275 1295 3322 nme

271 3352 361 3411 lieres
383 3351 463 3412 solae
491 3355 569 3415 sacra
599 3363 631 3417 in
652 3378 764 3441 operto
807 3362 912 3420 oculos
940 3375 1015 3420 erat.
1079 3364 1242 3424 Laudatur
1265 3382 1298 3423 ct

271 3450 764 3535 faciebanevid.Pausan.111,20.
806 3462 1016 3541 Empedocle:
1072 3454 1232 3547 Ὄλβιος,
1270 3448 1295 3533 ic

269 3552 316 3613 lta
344 3557 510 3634 explicatos
532 3557 615 3619 locus
641 3565 763 3641 placere
804 3563 898 3627 θείων
947 3561 1104 3646 πραπίδων
1157 3563 1294 3652 ἐκτήσατο

270 3651 380 3733 potest.
430 3657 576 3717 Haemus
596 3679 695 3723 autem
717 3671 763 3726 in-
805 3662 935 3727 πλοῦτον
961 3685 1011 3745 ap.
1040 3668 1198 3730 Clement.
1219 3670 1292 3730 Alex.

269 3760 376 3835 primis
390 3754 470 3816 filuis
486 3758 675 3825 abundabat:
691 3765 763 3829 hinc
804 3768 947 3825 stromat.
964 3768 991 3825 V
1008 3784 1084 3827 extr.
1136 3771 1227 3832 Veris
1248 3789 1291 3828 aa·

269 3853 320 3917 vll.
338 3859 411 3934 488.
426 3861 499 3937 489·
805 3884 867 3929 tem
882 3868 921 3927 de
942 3884 1054 3928 natura
1074 3891 1201 3946 rerum,
1226 3874 1291 3932 deo·

312 3963 504 4038 490—495.
525 3962 619 4026 Beata
633 3965 674 4029 est
681 4013 692 4043 ,
714 3974 762 4030 in-
803 3993 871 4031 rum
897 3975 1093 4046 cananaea,
1130 3974 1289 4035 rationibus

268 4062 346 4140 quit,
369 4062 430 4118 vita
445 4060 635 4147 philosophi,
657 4087 687 4131 at
702 4094 761 4133 nec
803 4075 841 4134 ab
861 4075 1198 4156 Epicuropropofitia,
1235 4095 1289 4136 me·

268 4163 369 4221 minua
392 4159 481 4228 beata
502 4172 570 4233 vita-
583 4169 693 4234 rustici.
721 4176 759 4239 cf.
802 4193 865 4251 tus,
890 4190 1033 4251 terrores,
1060 4198 1098 4265 ac
1117 4182 1286 4264 cupiditates
