2700 4906
862 31 1094 111 ..ξ

144 338 220 416 622
358 332 402 407 Ρ.
423 331 672 408 VIRGILII
702 328 984 409 MARONIS

145 521 259 604 Pasce
276 519 355 597 sero
374 502 518 622 pingui.
570 520 790 622 Numquam
809 515 1038 596 custodibus
1058 515 1128 592 illis

146 665 387 749 Nocturnum
406 654 554 730 stabulis
576 652 717 748 sarem,
742 653 999 756 incursusque
1016 653 1189 757 luporum,

148 797 225 875 Aut
243 799 439 896 inpacatos
458 817 480 864 a
499 809 606 891 tergo
623 789 795 866 horrebis
811 788 999 865 Hiberos.

149 934 273 1033 Saepe
292 933 405 1004 etiam
425 923 533 1002 cursu
555 924 707 1000 timidos
728 923 888 1025 agitabis
912 946 1096 1025 onagros,

150 1071 200 1143 Et
213 1063 366 1142 canibus
377 1062 560 1163 leporem,
583 1059 738 1136 canibus
750 1059 945 1136 venabere
958 1059 1105 1136 mas.
1131 1068 1194 1147 4ιο

152 1202 275 1302 Saepe
295 1196 499 1272 volutabris
519 1195 642 1296 pulsos
662 1192 890 1270 siluestribus
914 1221 1036 1297 apros

154 1337 308 1410 Latratu
330 1329 498 1405 turbabis
519 1357 651 1430 agens,
678 1334 901 1432 montisque
920 1357 998 1432 per
1015 1328 1115 1406 altos

223 1561 274 1623 407
294 1546 530 1622 cursusqueLeid.
599 1549 651 1616 408
670 1547 842 1620 indignatos
858 1547 968 1603 Medic.
994 1567 1012 1603 a
1031 1569 1069 1604 nt.
1083 1570 1138 1626 pn,
1152 1569 1197 1607 nt·

157 1639 258 1696 moriae
272 1638 346 1692 vitio.
382 1635 554 1704 implacatus
566 1634 635 1687 Van.
651 1633 700 1687 Ed.
712 1633 782 1688 Van.
844 1643 902 1705 409
920 1645 1051 1707 onagris
1061 1639 1150 1700 Leti,
1163 1638 1198 1693 sd

155 1745 181 1780 v.
196 1727 285 1779 Burni.
324 1720 447 1776 tumidos
462 1738 527 1774 snus
542 1719 667 1773 Arundel.
742 1729 795 1786 410
816 1721 932 1792 lepores
954 1722 1036 1776 ΤοΙΙ.
1053 1740 1081 1778 et
1098 1724 1199 1785 Pmiit

160 1810 290 1866 dammas
316 1807 431 1862 scribunt
453 1805 511 1867 atii,
559 1806 622 1858 hinc
640 1805 762 1858 damnas
781 1806 874 1859 stane.
964 1817 1019 1876 4η
1047 1809 1133 1881 pulsis
1148 1811 1199 1864 tlte

158 1895 289 1951 Rottend.
369 1903 421 1960 412
442 1893 569 1945 turbabis
602 1911 688 1963 agros
717 1906 883 1958 montesque
911 1910 969 1962 par
1003 1895 1085 1951 astos
1104 1896 1198 1957 Media,

159 1981 238 2036 male.
258 1980 311 2034 vid.
332 1979 399 2034 Not.
422 1977 493 2032 cons·
515 1979 606 2031 Burm.
656 1977 772 2031 terrebit
789 1979 943 2032 Romanus.

163 2176 325 2236 venationi
341 2187 407 2233 tuni
427 2191 555 2258 gregum
573 2191 663 2232 curae
703 2172 893 2255 Lycaoniae,
911 2169 1067 2247 Arabiae,
1088 2188 1197 2235 vtum

166 2275 307 2337 adhiberi
328 2274 416 2338 soliti.
466 2279 540 2353 406.
562 2276 664 2353 Pasce
704 2275 821 2358 Syriae,
842 2293 906 2333 nec
920 2294 996 2335 non
1007 2277 1198 2337 Africaemn

156 2379 240 2458 sero
252 2379 381 2460 pingui.
426 2375 574 2458 Expressit
593 2376 624 2437 h.
641 2378 662 2437 l.
705 2373 853 2458 assignent
874 2390 1006 2438 veteres
1025 2379 1196 2456 (vidisent

166 2478 341 2542 Nemesian.
357 2479 474 2563 Cyneg.
493 2483 562 2559 159.
586 2480 664 2538 Gra·
704 2478 838 2549 R.R.11,
855 2480 887 2548 6,
899 2480 931 2540 5.
963 2480 1050 2541 Plin.
1069 2480 1196 2557 visbii,

166 2588 227 2645 tius
245 2584 449 2667 Cyneg.3o7.
506 2586 579 2660 408.
602 2583 664 2641 Εο-
705 2579 812 2660 Γ.69),
841 2599 939 2641 nemo
958 2585 994 2642 in
1011 2581 1197 2644 Itasiaefiluit

168 2687 257 2760 dem,
287 2707 379 2768 quern
403 2685 491 2766 saepe
513 2689 573 2743 iam
588 2686 665 2745 vidi·
706 2700 941 2743 commemorat.
998 2688 1112 2771 Itaque
1136 2706 1197 2768 pot·

59 2798 63 2805 '
168 2809 253 2863 mus,
285 2805 449 2870 poetarum
470 2809 557 2848 more
580 2809 664 2849 com·
706 2791 768 2847 tico
784 2806 891 2858 more,
920 2809 997 2847 cum
1021 2790 1198 2852 omninosa·

169 2896 275 2964 muni,
307 2912 367 2972 pro
390 2911 577 2974 quocunque
600 2891 664 2950 abi·
705 2909 787 2962 ram,
825 2909 910 2970 quaa
940 2893 1078 2954 canibus
1107 2895 1197 2976 agitari

168 3015 229 3078 geo
246 3009 277 3054 et
294 2996 452 3074 praedone
475 2996 540 3077 (qui
558 2991 663 3053 Hesio·
704 2991 814 3075 posset,
833 2996 1008 3054 nominare
1024 2997 1128 3067 vellet,
1145 3016 1197 3055 aar·

170 3097 213 3158 do
247 3091 436 3180 ἤμερὸκοιτος
468 3092 541 3181 aivis
568 3096 589 3157 l.
618 3099 663 3176 c.)
706 3112 771 3155 tum
786 3095 960 3179 quoddam,
994 3113 1093 3183 atque
1112 3102 1196 3160 oratio

168 3198 299 3261 Iberum
316 3199 426 3278 posuit,
448 3204 521 3283 quia
537 3220 573 3259 ea
589 3219 664 3281 gens
706 3196 780 3260 effet
802 3199 943 3272 doctior,
980 3206 1087 3262 minus
1102 3217 1197 3263 notun

169 3305 286 3381 rapinis
301 3317 332 3361 at
353 3300 602 3383 praedationibus
618 3305 665 3359 in·
707 3321 804 3384 genus
819 3301 938 3382 posuit;
958 3302 1003 3364 sic
1021 3303 1112 3385 supra
1124 3322 1195 3372 oros,

168 3402 268 3474 samis,
285 3406 423 3482 inprimis
439 3424 508 3462 cum
523 3403 665 3464 nondum
706 3402 746 3465 fic
760 3425 874 3464 ceruos
887 3404 974 3465 alibi.
1010 3409 1063 3467 Sic
1076 3406 1195 3467 cedrum

168 3502 237 3567 satis
259 3506 433 3585 perdomita
455 3503 550 3576 esset;
590 3504 662 3565 hinc
704 3507 843 3567 initalia
868 3508 1027 3570 recensuit
1052 3507 1194 3578 Aoniis,

167 3609 353 3686 impacatos
374 3606 487 3666 Iberos
509 3608 661 3689 appellat:
709 3612 784 3685 137,
820 3624 953 3670 notante
978 3615 1044 3672 iam
1068 3614 1194 3675 victorio

167 3709 276 3770 laudat
302 3711 405 3772 Burni.
420 3712 592 3772 Varronem
623 3713 662 3772 de
704 3711 987 3786 liuttxtwtttr.
1018 3727 1195 3797 mugetus

166 3810 298 3886 ialal,
319 3818 414 3887 16,2,
443 3830 474 3875 et
488 3811 663 3876 L.lff.da
705 3816 745 3875 ad
763 3831 909 3875 ornatum
929 3818 1111 3891 adiectum
1150 3838 1195 3878 to·

36 3920 40 3927 '
166 3913 301 3998 Abigeis.
344 3937 367 3975 a
383 3932 487 3996 tergo,
505 3923 538 3978 in
553 3923 663 3979 vicistis
705 3919 847 3980 sabulum
897 3929 1085 3983 venantium
1134 3941 1195 4004 pro·

168 4015 342 4080 habitantes
360 4034 390 4079 et
405 4017 591 4083 insidiantes.
619 4054 663 4069 -
702 4027 822 4104 prium,
863 4022 940 4082 dum
968 4043 1084 4110 argent
1109 4026 1193 4087 feras:

167 4130 242 4202 409.
281 4126 446 4202 onagros,
484 4124 584 4182 serum
608 4123 663 4186 afi·
703 4129 780 4188 Aen.
800 4125 862 4198 IV,
885 4145 923 4203 71
986 4149 1082 4192 cerua
1111 4146 1191 4215 quan

164 4244 278 4305 norum
300 4248 413 4310 genus,
450 4224 601 4310 Phrygiae
630 4242 662 4289 et
694 4230 778 4310 fixit
819 4225 937 4311 pastor
971 4251 1082 4314 agens
1120 4233 1190 4295 tasas.
