2692 4914
263 271 327 410 ,a
471 312 513 385 Ρ.
538 265 786 388 vraettu
819 315 1081 393 Mauortis

261 492 424 572 Diffusos
449 496 562 572 edera
581 496 684 574 vestit
710 500 875 602 pallente
898 503 1108 607 corymbos.
1173 465 1177 477 ’
1303 507 1306 516 ’

328 671 364 744 59
377 674 496 745 palante
515 673 641 728 Rottend.
661 673 710 728 soc.
725 689 752 729 et
765 692 808 747 qu.
824 675 920 729 Moret.
929 711 939 738 ,
965 689 992 729 vt
1007 672 1062 727 ttet.
1080 675 1113 738 11,
1130 683 1173 746 47.

170 839 175 853 ’
261 823 346 886 verso
370 825 512 906 expedita
530 823 598 886 satir
618 825 687 889 sunt
706 849 756 890 re-
797 849 907 890 croceo
948 826 1059 888 fructu.
1109 849 1137 886 v.
1168 826 1295 888 Martia.

260 927 354 1009 liqna.
412 927 519 1011 Itaque
548 928 694 992 Salmafio
724 943 756 991 et
797 931 835 991 ad
851 929 924 1001 h.,l.
969 928 1056 989 Vitis
1076 945 1181 990 autem
1201 933 1298 1011 expli·

261 1030 440 1092 Burmanno
480 1032 560 1091 nolis
597 1033 754 1106 accedere,
797 1053 866 1093 care
886 1030 917 1092 se
939 1044 971 1090 et
990 1027 1111 1111 serpere
1134 1032 1225 1114 super
1244 1054 1298 1091 ra·

261 1149 294 1193 vt
317 1148 408 1193 torno
430 1148 548 1192 tantum
570 1134 701 1214 politum
725 1150 756 1194 et
797 1155 904 1193 cemos
931 1129 1066 1212 dffl'nsos
1091 1133 1235 1209 hedera,
1267 1135 1297 1196 h.

261 1233 460 1295 rotundatum
478 1237 638 1315 poculum,
657 1238 755 1297 caela·
795 1257 933 1297 racemos
943 1233 1085 1308 hederae,
1093 1234 1294 1309 hederaceos,

262 1351 329 1398 tura
357 1357 431 1396 vero
461 1340 529 1396 vitis
558 1336 753 1420 superaddita
797 1338 938 1421 adeoque
955 1337 1044 1418 super
1058 1337 1219 1407 hederam,
1237 1362 1296 1420 pu·

258 1435 311 1513 fit,
335 1436 365 1498 h.
381 1434 416 1498 iu
432 1440 526 1520 plana
550 1455 582 1500 et
603 1442 754 1524 laeuigata
796 1442 889 1499 tanda
910 1437 961 1510 est,
992 1455 1085 1522 atque
1108 1444 1152 1500 ita
1176 1441 1296 1502 ambire

259 1539 417 1622 superficie
461 1540 612 1623 exsculpta
661 1559 752 1604 extet.
795 1543 869 1603 duas
900 1542 1028 1603 caelatae
1058 1546 1209 1625 imagines
1234 1544 1298 1602 Go-

259 1643 325 1706 lam
356 1643 474 1727 reliqua
502 1649 545 1705 ita
578 1646 753 1728 iungenda:
794 1649 885 1705 nonis
907 1660 939 1704 et
951 1646 1046 1705 Arati.
1090 1646 1171 1704 Nam
1191 1648 1296 1704 vitem

260 1746 392 1830 quibua,
420 1743 450 1806 h.
472 1753 521 1807 cui
541 1750 655 1829 poculo
676 1752 754 1809 vitis
796 1746 835 1807 de
851 1745 983 1808 hederae
1006 1753 1138 1819 vimine,
1169 1747 1297 1806 viticula

260 1848 352 1910 lema
361 1848 601 1930 superaddita,
622 1852 753 1934 exsculp.
795 1850 967 1930 appellatur
1012 1849 1139 1933 quidem
1179 1849 1295 1922 Plinio,

261 1968 309 2026 ta,
340 1967 435 2010 tomo
449 1953 569 2032 sacili,
598 1975 659 2034 ope
682 1952 753 2014 scal·
796 1971 865 2011 cum
878 1953 929 2010 W.
938 1952 1062 2013 Clarkio
1082 1953 1297 2036 (Conneziorr

259 2054 344 2136 pelli.
365 2056 418 2134 qui
432 2054 535 2132 sacili
556 2053 587 2114 h.
610 2076 638 2116 e.
661 2054 753 2116 docta
796 2054 837 2134 of
846 2055 988 2122 Roman,
1004 2056 1115 2114 Saxon
1127 2054 1297 2132 andEng·

260 2171 293 2218 et
312 2158 411 2236 perita
432 2176 526 2215 manu
549 2172 703 2218 tractatur.
725 2181 754 2218 v.
796 2155 857 2235 lt'slt
883 2156 980 2215 Coinr
1012 2177 1083 2239 pag.
1102 2162 1185 2237 ²²4)
1217 2163 1295 2218 acci·

261 2257 301 2316 ad
327 2255 419 2317 Ouid.
446 2259 510 2318 Art.
533 2258 564 2332 1,
590 2264 656 2322 160.
701 2261 755 2320 Ti·
795 2278 871 2338 pere
899 2258 1081 2319 nonlicet:
1121 2265 1163 2319 ita
1191 2265 1296 2321 vimen

260 2358 335 2420 bull.
351 2357 423 2436 Llr,
440 2368 490 2437 4ο.
510 2394 553 2407 -
577 2365 645 2423 vitis
661 2363 756 2439 vestit
796 2359 946 2433 hederae,
994 2360 1137 2443 adeoque
1177 2361 1296 2423 hedera

262 2460 431 2544 corymbos
463 2459 598 2541 diffusos
631 2464 756 2524 laedere
798 2460 961 2533 hederam,
990 2463 1106 2523 ambire
1131 2465 1295 2527 diceretur.

256 2564 421 2649 pallente,
455 2565 586 2644 explicat
610 2565 639 2627 se
668 2566 755 2648 supra
796 2565 870 2623 Erat
890 2568 923 2623 in
946 2562 991 2624 his
1013 2581 1085 2624 ante
1101 2569 1209 2628 oculor
1225 2569 1295 2628 Ma·

260 2667 422 2739 hederam,
445 2671 530 2727 cuius
545 2670 682 2752 corymbi
698 2671 755 2729 dif-
797 2671 868 2727 roni
891 2666 977 2726 locus
1009 2664 1168 2729 Theocriti
1196 2669 1228 2741 1.
1252 2690 1294 2749 29

259 2769 315 2832 fufi
334 2770 417 2840 sunt,
447 2790 577 2853 eamque
598 2773 677 2835 adeo
700 2777 755 2832 im.
796 2769 860 2851 sqq.
868 2811 879 2841 ,
905 2789 998 2849 quem
1020 2767 1050 2828 h.
1071 2769 1092 2829 l.
1113 2770 1295 2832 illustratum

260 2874 355 2957 plicat
377 2870 435 2932 suia
458 2872 624 2934 racemulis.
670 2875 756 2934 sciti-
798 2870 897 2931 dabo:
925 2870 973 2930 lbi
995 2876 1029 2931 in
1046 2868 1178 2956 ciss'ybii,
1208 2874 1294 2956 mrod

260 2991 310 3038 cet
331 2972 538 3057 anaglyphum
556 2993 621 3036 erat
636 2980 678 3037 ita
694 2976 756 3036 iae
797 2977 893 3033 maius
918 2994 968 3034 vas
997 2990 1064 3035 eret
1090 2973 1293 3055 pastoritium,

261 3094 337 3153 tum,
360 3094 402 3151 vt,
424 3078 578 3138 collocatis
599 3082 632 3138 in
650 3078 754 3139 medio
796 3075 952 3157 superficie
991 3091 1050 3137 tres
1083 3075 1151 3138 sunt
1184 3098 1293 3138 areae:

260 3182 393 3243 duorum
408 3178 567 3240 hominum
575 3177 754 3263 fignis,oraa
797 3200 926 3261 quarum
947 3182 1046 3259 prima
1066 3181 1228 3241 mulierem
1250 3180 1295 3240 se·

259 3281 391 3341 ambiret
410 3286 476 3341 vitis
500 3276 633 3344 hederae
655 3283 756 3364 impli-
798 3280 925 3341 dentem
947 3281 1112 3342 interduo
1140 3297 1293 3343 amatores

260 3388 329 3444 cita.
380 3383 531 3463 corymbi
553 3384 621 3444 sunt
643 3389 756 3445 racemi
797 3404 867 3442 cum
890 3381 953 3462 ipsa
975 3387 1123 3444 amatorie
1152 3382 1295 3465 expostu-

259 3484 393 3547 hederae
406 3489 440 3544 in
451 3485 559 3547 orbem
571 3491 754 3560 circumacti,
796 3485 894 3545 lantes
909 3484 1041 3559 exhibet,
1052 3490 1084 3545 in
1092 3488 1187 3547 altera
1200 3486 1295 3568 pisca·

258 3605 291 3649 vt
305 3589 383 3648 Plin.
403 3587 451 3660 16,
468 3589 527 3666 34,
550 3604 583 3648 et
602 3593 696 3648 acinis
719 3610 755 3649 ac
797 3602 847 3648 tor
860 3604 926 3647 rete
943 3585 1034 3647 trahit
1050 3593 1137 3662 mari,
1155 3593 1294 3650 interriti

258 3690 358 3753 baccis
367 3732 377 3764 ,
400 3696 454 3773 qui
474 3692 587 3752 fructus
609 3690 752 3765 hederae,
795 3693 884 3750 vinea
901 3686 944 3750 est
958 3711 1027 3748 cum
1042 3710 1141 3771 puero
1157 3687 1293 3751 custode.

259 3817 335 3878 quas
364 3816 437 3854 vuar
462 3811 591 3868 vocant,
634 3817 752 3878 graues.
794 3794 910 3852 Totum
924 3794 1071 3872 poculum
1087 3792 1186 3853 ambit
1203 3812 1294 3853 acan·

258 3896 394 3958 Hedera
413 3899 490 3958 dicta
507 3899 654 3980 pallens,
683 3902 754 3980 quia
796 3893 864 3955 thus
887 3894 1015 3956 flexibus
1037 3894 1112 3954 suis:
1151 3895 1192 3955 ad
1216 3894 1293 3953 sum·

259 4022 355 4085 genus
377 4005 441 4061 eiua
459 4001 530 4061 albo
552 4002 656 4061 colore
680 4021 754 4059 con·
795 4020 877 4057 mam
905 4019 991 4058 oram
1021 3997 1134 4057 hedera
1157 4012 1189 4058 et
1215 3993 1292 4057 heli·

261 4103 397 4184 spicitur;
445 4124 580 4186 namque
617 4101 660 4164 est
695 4103 753 4162 alia
796 4099 915 4185 chrysur
935 4099 1003 4160 sunt
1022 4100 1188 4181 implicitae
1209 4105 1291 4159 inter

259 4210 350 4288 nigro
372 4206 492 4280 colore,
522 4208 554 4266 et
582 4210 673 4289 nigro
701 4218 754 4266 aut
794 4202 825 4264 ie
853 4208 966 4266 mutuis
996 4203 1141 4266 nexibuat
1183 4222 1222 4262 ex
1244 4199 1289 4260 hir
