2692 4914
138 333 214 406 580
345 329 387 402 P.
410 325 660 403 VIRGILlI
690 325 953 402 MARONIS

138 520 259 605 Hora,
291 539 417 616 neque
439 513 574 587 insidiis
602 516 723 588 noctis
748 514 895 610 capiere
916 508 1085 584 serenae.

138 655 263 740 Luna,
280 667 530 743 ‘reuertentes
553 673 670 752 quum
696 649 856 746 primum
881 643 1042 744 conligit
1071 645 1174 742 ignis,

138 787 179 859 Si
199 789 346 884 nigrum
368 780 524 859 obscuro
546 779 813 881 conprenderit
837 785 923 852 aera
954 805 1103 854 cornu:

139 922 337 997 Maxumus
360 916 528 1016 agricolis
549 915 760 1015 pelagoque
781 913 974 1014 parabitur
997 913 1133 988 imber.

139 1057 206 1143 At,
229 1051 478 1150 livirgineum
502 1029 691 1123 suffuderit
714 1074 780 1122 ore
801 1049 1000 1121 ruborem:
1107 1046 1176 1132 430

139 1190 283 1265 Ventus
302 1191 389 1275 erit;
433 1203 545 1259 vento
573 1182 715 1283 semper
743 1183 853 1256 rubet
872 1208 989 1256 aurea
1010 1179 1175 1254 Phoebe.

140 1321 207 1395 Sin
228 1335 314 1390 ortu
335 1337 488 1418 quarto,
516 1344 678 1418 namque
697 1322 728 1390 is
751 1314 967 1391 certissimus
987 1333 1136 1408 auctor,

208 1509 259 1569 427
279 1503 395 1575 aolltgat
410 1501 491 1556 Goth.
516 1501 564 1556 sec.
643 1500 849 1570 428Xobscurae
868 1498 987 1562 Medic.¹
1023 1500 1058 1553 sc.
1080 1502 1175 1569 huna,

142 1585 216 1668 quod
239 1587 317 1640 etiam
344 1587 486 1658 elegantius
514 1587 604 1640 haberi
622 1585 709 1660 poffit.
759 1585 969 1657 comprenditur
991 1586 1062 1639 Van.
1113 1603 1177 1638 am

141 1670 309 1728 vetustiffima
330 1674 485 1745 exemplaria
507 1673 619 1735 habent,
651 1673 730 1743 idque
751 1671 864 1743 reposuit
882 1671 1002 1741 Nauger.
1025 1671 1089 1726 tud.
1111 1689 1174 1748 tera.

27 1802 29 1806 .
91 1816 94 1819 .
142 1774 171 1812 at
189 1759 227 1829 p'
248 1777 288 1812 ret
309 1779 392 1822 aare,
429 1759 503 1832 quod
521 1760 619 1812 Pierius
632 1760 664 1812 ⁴et
683 1759 810 1812 Catroaus
833 1756 1031 1830 praeferebam
1054 1775 1083 1812 tt
1102 1756 1175 1811 alliu

142 1843 202 1896 cod.
222 1844 365 1906 Βοιῐοιιά.ι
404 1847 491 1898 minus
514 1844 588 1898 bene.
620 1842 671 1900 vid.
691 1845 779 1898 Burm-
800 1857 826 1895 et
845 1843 952 1899 Martin.
1037 1853 1094 1914 4²9
1105 1850 1175 1914 agri·

144 1930 225 1983 colae
237 1929 278 1981 ed.
292 1930 407 1990 Gerrho:
424 1947 450 1983 et
464 1949 526 1986 mox
542 1937 689 2000 virgineo.
710 1927 762 1981 sina
781 1927 862 1989 libro,
889 1944 916 1981 vt
930 1925 1052 1989 videtur.
1074 1929 1172 2000 scripta.

42 1995 54 2050 ’π
142 2015 194 2082 430
213 2018 272 2066 Aut
287 2014 317 2083 fi
336 2017 434 2068 Medic.
458 2035 472 2069 a
495 2035 530 2068 m.
550 2035 589 2088 pr.
610 2031 636 2068 at
655 2011 760 2086 Manag.
802 2032 854 2066 ora
872 2012 963 2085 fragm.
984 2007 1102 2070 Mutati:
1141 2015 1174 2068 itt

144 2096 219 2152 esset:
257 2097 427 2170 suffundere
451 2101 580 2152 ruborem
598 2099 642 2152 sub
663 2119 731 2162 ora,·
767 2118 817 2152 nec
842 2099 911 2151 mala
930 2099 986 2152 ltoc
1013 2099 1040 2153 se
1060 2101 1172 2164 haberet.

143 2198 170 2237 ot
188 2183 290 2236 doctior
307 2182 383 2236 foret.
433 2185 511 2237 Coni.
533 2185 620 2238 Heius.
645 2195 774 2256 vlrgitrao
789 2184 948 2255 suffuderit
979 2205 1035 2238 ora
1058 2187 1172 2246 rubore:

143 2268 217 2340 quod
236 2267 354 2320 vlitatum
372 2270 472 2341 poetis,
511 2269 552 2320 sed
578 2272 627 2323 ltac
652 2270 705 2342 ipsa
732 2269 765 2322 da
789 2269 873 2324 cauffo
895 2268 1053 2342 suspectum.
1098 2271 1173 2325 Nune

145 2371 195 2405 ora
212 2349 248 2404 est
268 2352 295 2404 in
314 2370 367 2407 ore.
446 2356 496 2418 432
516 2369 578 2406 ortu
592 2364 622 2406 in
638 2376 663 2426 q.
685 2356 784 2408 editum
802 2356 877 2413 video
894 2375 975 2427 taque
996 2356 1031 2410 ad
1054 2357 1172 2411 Pulmm·

143 2455 208 2493 num
226 2433 384 2498 constantem
413 2439 525 2490 retinent
546 2456 631 2495 tamen
650 2438 747 2511 etpost
765 2441 949 2505 illumRuaei‚
977 2444 1089 2497 Catmei
1107 2442 1171 2504 edd..

144 2539 170 2577 et
189 2540 204 2575 e
223 2520 301 2574 codd.
323 2522 438 2582 Parthas.
454 2521 555 2575 Bodlai.
577 2525 641 2578 altar
661 2525 783 2580 Arundel.
799 2527 882 2581 Goth.
902 2546 959 2599 pr..
999 2527 1084 2584 etsie
1106 2527 1170 2602 apud

185 2683 382 2759 [μγ-437.
422 2682 511 2746 Luna
537 2681 637 2742 renas·
678 2685 791 2756 V,11·
852 2687 1016 2765 427.428.
1043 2685 1169 2748 Nouilu·

144 2806 217 2850 cens
245 2781 268 2844 fi
291 2782 417 2844 obscura
444 2784 552 2858 suerit,
595 2783 638 2846 est
677 2790 774 2849 nium.
820 2783 843 2846 fi
867 2807 950 2847 noua
979 2788 1057 2849 luna
1088 2793 1168 2870 nigra

142 2887 331 2973 praesagium
352 2886 492 2966 pluuiaat
513 2884 535 2950 fi
555 2887 637 2947 rubi·
678 2890 786 2959 suerin
819 2886 842 2949 fi
863 2893 952 2972 nigro
974 2911 1048 2952 aere
1071 2909 1167 2952 noune

144 2991 263 3061 cunda,
289 2991 382 3050 venti.
433 2989 550 3069 Quarta
572 2990 636 3050 dies
677 2991 768 3051 lunae
793 3011 890 3052 cornu
916 2993 1011 3054 suerit
1034 2991 1166 3054 obscura·

143 3113 267 3157 anona
287 3091 360 3150 luna
382 3087 405 3149 si
426 3112 505 3170 puro
534 3096 635 3153 nitore
678 3108 752 3153 tum.
789 3103 884 3175 429.
906 3096 1066 3173 agricolis
1082 3093 1166 3174 pala·

141 3197 273 3265 fulserit,
300 3193 491 3254 serenitatem
512 3215 568 3275 par
589 3209 636 3254 to·
675 3216 802 3278 goqtte,
845 3218 904 3279 pro
937 3202 1051 3261 nautia.
1121 3196 1165 3257 Na

142 3315 210 3361 tum
223 3289 356 3356 mensem
369 3294 534 3373 portendit.
573 3296 636 3356 Re·
677 3296 818 3371 haereas,
855 3321 908 3360 cur
929 3299 1045 3383 pelago
1072 3297 1165 3362 imber

142 3401 229 3481 spirit
248 3395 278 3456 lt.
299 3397 319 3458 l.
339 3397 415 3458 Plin.
439 3397 559 3468 XVIII,
582 3418 634 3477 79,
676 3405 818 3461 minetur.
871 3405 944 3480 431.
971 3418 1073 3462 vento
1096 3401 1126 3462 b.
1143 3401 1163 3465 l·

142 3507 197 3587 qui
209 3501 296 3581 plura
311 3497 458 3580 apposuit.
501 3500 545 3557 Ex
559 3500 635 3559 mul·
677 3503 1065 3567 cumveutussutunuesb
1084 3507 1162 3568 arai

141 3609 197 3676 tis,
220 3621 298 3685 quae
314 3602 353 3662 de
368 3602 440 3661 luna
457 3600 546 3660 tradit
559 3603 634 3661 Ara·
675 3606 809 3668 Diosem.
833 3610 883 3668 52.
909 3609 958 3670 53.
1011 3609 1086 3685 432.
1109 3623 1163 3668 tat·

143 3723 209 3781 tus,
266 3703 401 3765 Diosem.
444 3707 481 3766 51
513 3737 554 3749 —
581 3708 633 3767 55.
674 3713 750 3769 tium
766 3709 847 3769 diem
860 3711 1070 3773 marono:
1103 3729 1162 3770 ma·

143 3813 278 3889 69-72.
302 3815 364 3889 417
380 3807 420 3888 sq.
442 3805 516 3866 baec
531 3806 634 3889 selegit
675 3828 783 3873 morat
833 3812 970 3872 Omnino
993 3813 1077 3894 apud
1095 3832 1161 3875 eum

139 3926 248 3995 poeta;
280 3910 430 3970 nonnulla
451 3930 575 3991 quoque
604 3931 631 3969 v.
675 3918 778 3974 omnia
805 3913 957 3974 subtiliora
980 3913 1065 3988 sunt,
1097 3935 1173 3980 cum.

139 4019 202 4096 432
219 4049 259 4061 -
274 4014 337 4091 435
368 4012 455 4071 aliter
476 4009 518 4072 est
537 4016 632 4072 inter·
672 4014 818 4077 fastidiosa
846 4022 933 4099 copia
959 4018 1066 4080 talium
1094 4037 1162 4101 pno-

139 4135 286 4201 pretatus.
329 4114 490 4196 Virgilium
515 4115 632 4196 expres·
673 4115 892 4202 gnosticorum:
915 4142 977 4203 qua
991 4123 1117 4206 quidem
1131 4125 1161 4182 in

141 4220 177 4282 sit
211 4222 357 4306 vegetius
393 4218 432 4281 de
462 4219 510 4281 Re
544 4220 631 4282 milit.
672 4241 722 4295 re,
755 4228 984 4307 comparatione
1010 4231 1161 4312 vmmqut
