<?xml version="1.0" encoding="UTF-8"?>
<!DOCTYPE html PUBLIC "-//W3C//DTD XHTML 1.0 Transitional//EN"
    "http://www.w3.org/TR/xhtml1/DTD/xhtml1-transitional.dtd">
<html xmlns="http://www.w3.org/1999/xhtml" xml:lang="en" lang="en">
 <head>
  <title>
</title>
<meta http-equiv="Content-Type" content="text/html;charset=utf-8" />
  <meta name='ocr-system' content='tesseract 3.04.00' />
  <meta name='ocr-capabilities' content='ocr_page ocr_carea ocr_par ocr_line ocrx_word'/>
</head>
<body>
  <div class='ocr_page' id='page_1' title='image "./pvirgilivsmarov00virggoog_0585.png"; bbox 0 0 2700 4906; ppageno 0'>
   <div class='ocr_carea' id='block_1_1' title="bbox 146 322 994 404">
    <p class='ocr_par' dir='ltr' id='par_1_1' title="bbox 146 322 994 404">
     <span class='ocr_line' id='line_1_1' title="bbox 146 322 994 404; baseline -0.018 -2"><span class='ocrx_word' id='word_1_1' title='bbox 146 328 220 404; x_wconf 84' lang='lat'>516</span> <span class='ocrx_word' id='word_1_2' title='bbox 348 325 665 401; x_wconf 79' lang='lat' dir='ltr'>P.v1RG1L11</span> <span class='ocrx_word' id='word_1_3' title='bbox 694 322 994 398; x_wconf 75' lang='lat' dir='ltr'><strong>MARONIS·</strong></span> 
     </span>
    </p>
   </div>
   <div class='ocr_carea' id='block_1_2' title="bbox 147 506 1094 614">
    <p class='ocr_par' dir='ltr' id='par_1_2' title="bbox 147 506 1094 614">
     <span class='ocr_line' id='line_1_2' title="bbox 147 506 1094 614; baseline -0.006 -24"><span class='ocrx_word' id='word_1_4' title='bbox 147 519 266 592; x_wconf 89' lang='lat' dir='ltr'>Diues</span> <span class='ocrx_word' id='word_1_5' title='bbox 289 539 405 614; x_wconf 90' lang='lat' dir='ltr'>opum</span> <span class='ocrx_word' id='word_1_6' title='bbox 429 517 629 600; x_wconf 78' lang='lat' dir='ltr'>variarum3</span> <span class='ocrx_word' id='word_1_7' title='bbox 671 527 709 582; x_wconf 84' lang='lat' dir='ltr'>at</span> <span class='ocrx_word' id='word_1_8' title='bbox 730 507 814 586; x_wconf 84' lang='lat' dir='ltr'>latis</span> <span class='ocrx_word' id='word_1_9' title='bbox 842 513 922 581; x_wconf 86' lang='lat' dir='ltr'>otia</span> <span class='ocrx_word' id='word_1_10' title='bbox 952 506 1094 600; x_wconf 73' lang='lat' dir='ltr'>fundis,</span> 
     </span>
    </p>
   </div>
   <div class='ocr_carea' id='block_1_3' title="bbox 134 708 1180 1061">
    <p class='ocr_par' dir='ltr' id='par_1_3' title="bbox 152 708 1180 957">
     <span class='ocr_line' id='line_1_3' title="bbox 227 708 1177 783; baseline -0.006 -14"><span class='ocrx_word' id='word_1_11' title='bbox 227 717 278 783; x_wconf 74' lang='lat'>468</span> <span class='ocrx_word' id='word_1_12' title='bbox 293 733 329 767; x_wconf 88' lang='lat' dir='ltr'>ac</span> <span class='ocrx_word' id='word_1_13' title='bbox 348 715 376 768; x_wconf 85' lang='lat' dir='ltr'>in</span> <span class='ocrx_word' id='word_1_14' title='bbox 396 712 467 766; x_wconf 74' lang='lat' dir='ltr'>libris</span> <span class='ocrx_word' id='word_1_15' title='bbox 488 731 530 783; x_wconf 76' lang='lat' dir='ltr'>up.</span> <span class='ocrx_word' id='word_1_16' title='bbox 552 711 618 764; x_wconf 82' lang='lat' dir='ltr'>Pier.</span> <span class='ocrx_word' id='word_1_17' title='bbox 640 710 711 763; x_wconf 83' lang='lat' dir='ltr'>etin</span> <span class='ocrx_word' id='word_1_18' title='bbox 731 710 796 780; x_wconf 76' lang='lat' dir='ltr'>neg.</span> <span class='ocrx_word' id='word_1_19' title='bbox 816 709 926 763; x_wconf 70' lang='lat' dir='ltr'>Mittin.</span> <span class='ocrx_word' id='word_1_20' title='bbox 972 710 1062 762; x_wconf 66' lang='lat' dir='ltr'>laetis</span> <span class='ocrx_word' id='word_1_21' title='bbox 1080 709 1108 763; x_wconf 83' lang='lat' dir='ltr'>iu</span> <span class='ocrx_word' id='word_1_22' title='bbox 1124 708 1177 763; x_wconf 77' lang='lat' dir='ltr'>edd.</span> 
     </span>
     <span class='ocr_line' id='line_1_4' title="bbox 152 793 1180 867; baseline -0.009 -11"><span class='ocrx_word' id='word_1_23' title='bbox 152 800 273 856; x_wconf 78' lang='lat' dir='ltr'>Macrob.</span> <span class='ocrx_word' id='word_1_24' title='bbox 293 800 347 853; x_wconf 74' lang='lat' dir='ltr'>Sat.</span> <span class='ocrx_word' id='word_1_25' title='bbox 364 798 410 853; x_wconf 82' lang='lat' dir='ltr'>Vl,</span> <span class='ocrx_word' id='word_1_26' title='bbox 427 817 452 858; x_wconf 70' lang='grc' dir='ltr'>α,</span> <span class='ocrx_word' id='word_1_27' title='bbox 482 796 555 867; x_wconf 86' lang='lat' dir='ltr'>quod</span> <span class='ocrx_word' id='word_1_28' title='bbox 575 793 682 848; x_wconf 83' lang='lat' dir='ltr'>Helnfio</span> <span class='ocrx_word' id='word_1_29' title='bbox 702 795 805 849; x_wconf 75' lang='lat' dir='ltr'>mitet.</span> <span class='ocrx_word' id='word_1_30' title='bbox 855 798 888 848; x_wconf 85' lang='lat' dir='ltr'>At</span> <span class='ocrx_word' id='word_1_31' title='bbox 909 794 982 847; x_wconf 81' lang='lat' dir='ltr'>enim</span> <span class='ocrx_word' id='word_1_32' title='bbox 1004 796 1099 848; x_wconf 78' lang='lat' dir='ltr'>laetos</span> <span class='ocrx_word' id='word_1_33' title='bbox 1114 812 1180 847; x_wconf 79' lang='lat' dir='ltr'>caut·</span> 
     </span>
     <span class='ocr_line' id='line_1_5' title="bbox 152 878 1180 957; baseline -0.006 -19"><span class='ocrx_word' id='word_1_34' title='bbox 152 905 218 956; x_wconf 70' lang='lat' dir='ltr'>poe.</span> <span class='ocrx_word' id='word_1_35' title='bbox 239 905 339 957; x_wconf 58' lang='lat' dir='ltr'>agran-</span> <span class='ocrx_word' id='word_1_36' title='bbox 363 883 478 956; x_wconf 80' lang='lat' dir='ltr'>fundos</span> <span class='ocrx_word' id='word_1_37' title='bbox 493 899 580 935; x_wconf 72' lang='lat' dir='ltr'>etitem</span> <span class='ocrx_word' id='word_1_38' title='bbox 595 883 669 932; x_wconf 81' lang='lat' dir='ltr'>latos</span> <span class='ocrx_word' id='word_1_39' title='bbox 682 879 831 952; x_wconf 71' lang='lat' dir='ltr'>probandos</span> <span class='ocrx_word' id='word_1_40' title='bbox 846 894 922 949; x_wconf 86' lang='lat' dir='ltr'>puto.</span> <span class='ocrx_word' id='word_1_41' title='bbox 943 881 1027 932; x_wconf 76' lang='lat' dir='ltr'>etiam</span> <span class='ocrx_word' id='word_1_42' title='bbox 1042 879 1096 932; x_wconf 89' lang='lat' dir='ltr'>hoc</span> <span class='ocrx_word' id='word_1_43' title='bbox 1110 878 1180 941; x_wconf 75' lang='lat' dir='ltr'>lenln,</span> 
     </span>
    </p>

    <p class='ocr_par' dir='ltr' id='par_1_4' title="bbox 134 962 1152 1061">
     <span class='ocr_line' id='line_1_6' title="bbox 134 962 1152 1061; baseline -0.007 -36"><span class='ocrx_word' id='word_1_44' title='bbox 134 962 181 1025; x_wconf 46' lang='lat' dir='ltr'>&#39;vt</span> <span class='ocrx_word' id='word_1_45' title='bbox 200 970 251 1024; x_wconf 85' lang='lat' dir='ltr'>lint</span> <span class='ocrx_word' id='word_1_46' title='bbox 271 985 397 1044; x_wconf 73' lang='lat' dir='ltr'>patentes.</span> <span class='ocrx_word' id='word_1_47' title='bbox 434 984 461 1020; x_wconf 82' lang='lat' dir='ltr'>ot</span> <span class='ocrx_word' id='word_1_48' title='bbox 479 971 562 1022; x_wconf 73' lang='lat' dir='ltr'>laetu</span> <span class='ocrx_word' id='word_1_49' title='bbox 583 965 637 1019; x_wconf 86' lang='lat' dir='ltr'>duo</span> <span class='ocrx_word' id='word_1_50' title='bbox 656 984 698 1038; x_wconf 76' lang='lat' dir='ltr'>ap.</span> <span class='ocrx_word' id='word_1_51' title='bbox 714 967 804 1019; x_wconf 79' lang='lat' dir='ltr'>Bntm.</span> <span class='ocrx_word' id='word_1_52' title='bbox 839 963 1011 1061; x_wconf 57' lang='lat' dir='ltr'>tenuent</span> <span class='ocrx_word' id='word_1_53' title='bbox 1033 982 1050 1018; x_wconf 79' lang='grc' dir='ltr'>ι</span> <span class='ocrx_word' id='word_1_54' title='bbox 1069 984 1105 1019; x_wconf 79' lang='lat' dir='ltr'>m.</span> <span class='ocrx_word' id='word_1_55' title='bbox 1117 984 1152 1038; x_wconf 83' lang='lat' dir='ltr'>pn</span> 
     </span>
    </p>
   </div>
   <div class='ocr_carea' id='block_1_4' title="bbox 116 1129 1185 4283">
    <p class='ocr_par' dir='ltr' id='par_1_5' title="bbox 116 1129 1185 4283">
     <span class='ocr_line' id='line_1_7' title="bbox 157 1129 1181 1213; baseline -0.006 -18"><span class='ocrx_word' id='word_1_56' title='bbox 157 1136 281 1195; x_wconf 85' lang='lat' dir='ltr'>Scilicet</span> <span class='ocrx_word' id='word_1_57' title='bbox 302 1136 375 1193; x_wconf 82' lang='lat' dir='ltr'>vita</span> <span class='ocrx_word' id='word_1_58' title='bbox 392 1132 519 1213; x_wconf 82' lang='lat' dir='ltr'>fallere</span> <span class='ocrx_word' id='word_1_59' title='bbox 541 1134 651 1211; x_wconf 84' lang='lat' dir='ltr'>nescia</span> <span class='ocrx_word' id='word_1_60' title='bbox 691 1129 800 1192; x_wconf 73' lang='lat' dir='ltr'>Perse</span> <span class='ocrx_word' id='word_1_61' title='bbox 822 1129 903 1190; x_wconf 71' lang='lat' dir='ltr'>dicta</span> <span class='ocrx_word' id='word_1_62' title='bbox 925 1131 1060 1212; x_wconf 81' lang='lat' dir='ltr'>fallere</span> <span class='ocrx_word' id='word_1_63' title='bbox 1080 1131 1181 1208; x_wconf 66' lang='lat' dir='ltr'>nescia</span> 
     </span>
     <span class='ocr_line' id='line_1_8' title="bbox 158 1232 1180 1315; baseline -0.001 -19"><span class='ocrx_word' id='word_1_64' title='bbox 158 1235 200 1296; x_wconf 82' lang='lat' dir='ltr'>est</span> <span class='ocrx_word' id='word_1_65' title='bbox 216 1237 298 1296; x_wconf 86' lang='lat' dir='ltr'>idem</span> <span class='ocrx_word' id='word_1_66' title='bbox 313 1256 347 1294; x_wconf 82' lang='lat' dir='ltr'>ec</span> <span class='ocrx_word' id='word_1_67' title='bbox 360 1237 433 1293; x_wconf 79' lang='lat' dir='ltr'>vita</span> <span class='ocrx_word' id='word_1_68' title='bbox 447 1257 513 1294; x_wconf 82' lang='lat' dir='ltr'>non</span> <span class='ocrx_word' id='word_1_69' title='bbox 523 1237 649 1315; x_wconf 82' lang='lat' dir='ltr'><em>fallax.</em></span> <span class='ocrx_word' id='word_1_70' title='bbox 690 1236 763 1292; x_wconf 81' lang='lat' dir='ltr'>vita</span> <span class='ocrx_word' id='word_1_71' title='bbox 787 1234 928 1313; x_wconf 72' lang='lat' dir='ltr'>pluribus</span> <span class='ocrx_word' id='word_1_72' title='bbox 959 1232 1065 1295; x_wconf 73' lang='lat' dir='ltr'>modis</span> <span class='ocrx_word' id='word_1_73' title='bbox 1093 1238 1180 1314; x_wconf 78' lang='lat' dir='ltr'>accipi</span> 
     </span>
     <span class='ocr_line' id='line_1_9' title="bbox 157 1332 1180 1420; baseline -0.002 -22"><span class='ocrx_word' id='word_1_74' title='bbox 157 1339 223 1398; x_wconf 84' lang='lat' dir='ltr'>Iam</span> <span class='ocrx_word' id='word_1_75' title='bbox 247 1337 327 1418; x_wconf 84' lang='lat' dir='ltr'>spes</span> <span class='ocrx_word' id='word_1_76' title='bbox 357 1357 424 1395; x_wconf 81' lang='lat' dir='ltr'>non</span> <span class='ocrx_word' id='word_1_77' title='bbox 449 1337 567 1417; x_wconf 75' lang='lat' dir='ltr'><em>fallax</em></span> <span class='ocrx_word' id='word_1_78' title='bbox 608 1338 651 1400; x_wconf 86' lang='lat' dir='ltr'>est</span> <span class='ocrx_word' id='word_1_79' title='bbox 690 1332 797 1418; x_wconf 77' lang='lat' dir='ltr'>poffit3</span> <span class='ocrx_word' id='word_1_80' title='bbox 834 1349 867 1395; x_wconf 84' lang='lat' dir='ltr'>vt</span> <span class='ocrx_word' id='word_1_81' title='bbox 885 1333 916 1395; x_wconf 89' lang='lat' dir='ltr'>h.</span> <span class='ocrx_word' id='word_1_82' title='bbox 932 1336 953 1396; x_wconf 94' lang='lat' dir='ltr'>l.</span> <span class='ocrx_word' id='word_1_83' title='bbox 979 1340 1110 1420; x_wconf 81' lang='lat' dir='ltr'>quoque</span> <span class='ocrx_word' id='word_1_84' title='bbox 1128 1337 1180 1396; x_wconf 79' lang='lat' dir='ltr'>lao-</span> 
     </span>
     <span class='ocr_line' id='line_1_10' title="bbox 159 1435 1179 1521; baseline 0.001 -23"><span class='ocrx_word' id='word_1_85' title='bbox 159 1453 253 1499; x_wconf 87' lang='lat' dir='ltr'>certa.</span> <span class='ocrx_word' id='word_1_86' title='bbox 307 1439 403 1517; x_wconf 75' lang='lat' dir='ltr'>Segeo</span> <span class='ocrx_word' id='word_1_87' title='bbox 428 1462 496 1500; x_wconf 78' lang='lat' dir='ltr'>aon</span> <span class='ocrx_word' id='word_1_88' title='bbox 521 1442 648 1521; x_wconf 79' lang='lat' dir='ltr'><em>fallax,</em></span> <span class='ocrx_word' id='word_1_89' title='bbox 691 1452 766 1497; x_wconf 87' lang='lat' dir='ltr'>tum.</span> <span class='ocrx_word' id='word_1_90' title='bbox 822 1436 929 1519; x_wconf 84' lang='lat' dir='ltr'>Vulgo</span> <span class='ocrx_word' id='word_1_91' title='bbox 958 1443 1119 1519; x_wconf 82' lang='lat' dir='ltr'>accipiunt</span> <span class='ocrx_word' id='word_1_92' title='bbox 1138 1435 1179 1509; x_wconf 60' lang='lat' dir='ltr'>ic,</span> 
     </span>
     <span class='ocr_line' id='line_1_11' title="bbox 158 1536 1182 1619; baseline 0.002 -20"><span class='ocrx_word' id='word_1_93' title='bbox 158 1540 265 1600; x_wconf 82' lang='lat' dir='ltr'>fallere</span> <span class='ocrx_word' id='word_1_94' title='bbox 291 1539 390 1601; x_wconf 77' lang='lat' dir='ltr'>nescia</span> <span class='ocrx_word' id='word_1_95' title='bbox 398 1584 408 1614; x_wconf 88' lang='lat'><strong><em>,</em></strong></span> <span class='ocrx_word' id='word_1_96' title='bbox 451 1539 526 1603; x_wconf 82' lang='lat' dir='ltr'>ellet</span> <span class='ocrx_word' id='word_1_97' title='bbox 558 1561 649 1617; x_wconf 80' lang='lat' dir='ltr'>certa,</span> <span class='ocrx_word' id='word_1_98' title='bbox 691 1556 723 1599; x_wconf 89' lang='lat' dir='ltr'>vt</span> <span class='ocrx_word' id='word_1_99' title='bbox 736 1536 771 1599; x_wconf 85' lang='lat' dir='ltr'>sn</span> <span class='ocrx_word' id='word_1_100' title='bbox 784 1542 922 1599; x_wconf 81' lang='lat' dir='ltr'>innocua</span> <span class='ocrx_word' id='word_1_101' title='bbox 936 1539 1019 1619; x_wconf 86' lang='lat' dir='ltr'>(scil.</span> <span class='ocrx_word' id='word_1_102' title='bbox 1036 1556 1069 1600; x_wconf 86' lang='lat' dir='ltr'>vt</span> <span class='ocrx_word' id='word_1_103' title='bbox 1083 1539 1118 1601; x_wconf 88' lang='lat' dir='ltr'>lit</span> <span class='ocrx_word' id='word_1_104' title='bbox 1130 1545 1182 1601; x_wconf 80' lang='lat' dir='ltr'>viu</span> 
     </span>
     <span class='ocr_line' id='line_1_12' title="bbox 159 1639 1179 1725; baseline 0.002 -24"><span class='ocrx_word' id='word_1_105' title='bbox 159 1642 200 1702; x_wconf 87' lang='lat' dir='ltr'>de</span> <span class='ocrx_word' id='word_1_106' title='bbox 215 1662 275 1725; x_wconf 82' lang='lat' dir='ltr'>qun</span> <span class='ocrx_word' id='word_1_107' title='bbox 288 1657 386 1702; x_wconf 88' lang='lat' dir='ltr'>metus</span> <span class='ocrx_word' id='word_1_108' title='bbox 401 1643 502 1705; x_wconf 78' lang='lat' dir='ltr'>nullus</span> <span class='ocrx_word' id='word_1_109' title='bbox 518 1642 580 1724; x_wconf 80' lang='lat' dir='ltr'>est3</span> <span class='ocrx_word' id='word_1_110' title='bbox 605 1661 650 1706; x_wconf 81' lang='lat' dir='ltr'>at·</span> <span class='ocrx_word' id='word_1_111' title='bbox 691 1639 870 1712; x_wconf 86' lang='lat' dir='ltr'>hominum,</span> <span class='ocrx_word' id='word_1_112' title='bbox 899 1646 954 1724; x_wconf 90' lang='lat' dir='ltr'>qui</span> <span class='ocrx_word' id='word_1_113' title='bbox 979 1662 1048 1703; x_wconf 91' lang='lat' dir='ltr'>non</span> <span class='ocrx_word' id='word_1_114' title='bbox 1071 1643 1179 1716; x_wconf 74' lang='lat' dir='ltr'>fallunt,</span> 
     </span>
     <span class='ocr_line' id='line_1_13' title="bbox 159 1743 1182 1828; baseline 0.002 -25"><span class='ocrx_word' id='word_1_115' title='bbox 159 1765 222 1827; x_wconf 88' lang='lat' dir='ltr'>que</span> <span class='ocrx_word' id='word_1_116' title='bbox 244 1743 317 1804; x_wconf 90' lang='lat' dir='ltr'>hinc</span> <span class='ocrx_word' id='word_1_117' title='bbox 336 1765 418 1823; x_wconf 81' lang='lat' dir='ltr'>ager</span> <span class='ocrx_word' id='word_1_118' title='bbox 441 1768 508 1804; x_wconf 83' lang='lat' dir='ltr'>non</span> <span class='ocrx_word' id='word_1_119' title='bbox 523 1747 649 1828; x_wconf 83' lang='lat' dir='ltr'><em>fallax.</em></span> <span class='ocrx_word' id='word_1_120' title='bbox 691 1744 832 1802; x_wconf 82' lang='lat' dir='ltr'>fraudum</span> <span class='ocrx_word' id='word_1_121' title='bbox 853 1758 997 1822; x_wconf 79' lang='lat' dir='ltr'><strong>expertes</strong></span> <span class='ocrx_word' id='word_1_122' title='bbox 1019 1744 1106 1815; x_wconf 63' lang='lat' dir='ltr'>sunu</span> <span class='ocrx_word' id='word_1_123' title='bbox 1132 1743 1182 1806; x_wconf 83' lang='lat' dir='ltr'>lto·</span> 
     </span>
     <span class='ocr_line' id='line_1_14' title="bbox 162 1844 1181 1929; baseline -0.001 -20"><span class='ocrx_word' id='word_1_124' title='bbox 162 1846 315 1929; x_wconf 79' lang='lat' dir='ltr'>Adeoque</span> <span class='ocrx_word' id='word_1_125' title='bbox 334 1850 406 1907; x_wconf 80' lang='lat' dir='ltr'>vita</span> <span class='ocrx_word' id='word_1_126' title='bbox 433 1871 502 1909; x_wconf 81' lang='lat' dir='ltr'>noa</span> <span class='ocrx_word' id='word_1_127' title='bbox 523 1850 651 1929; x_wconf 79' lang='lat' dir='ltr'><em>fallax,</em></span> <span class='ocrx_word' id='word_1_128' title='bbox 691 1849 789 1904; x_wconf 86' lang='lat' dir='ltr'>mines</span> <span class='ocrx_word' id='word_1_129' title='bbox 808 1844 995 1924; x_wconf 83' lang='lat' dir='ltr'>fimplices):</span> <span class='ocrx_word' id='word_1_130' title='bbox 1031 1847 1181 1909; x_wconf 81' lang='lat' dir='ltr'>Sententit</span> 
     </span>
     <span class='ocr_line' id='line_1_15' title="bbox 160 1946 1182 2029; baseline 0.009 -22"><span class='ocrx_word' id='word_1_131' title='bbox 160 1953 222 2008; x_wconf 78' lang='lat' dir='ltr'>vita</span> <span class='ocrx_word' id='word_1_132' title='bbox 248 1965 345 2022; x_wconf 81' lang='lat' dir='ltr'>certa,</span> <span class='ocrx_word' id='word_1_133' title='bbox 375 1966 459 2025; x_wconf 79' lang='lat' dir='ltr'>tuta,</span> <span class='ocrx_word' id='word_1_134' title='bbox 496 1953 586 2012; x_wconf 87' lang='lat' dir='ltr'>nullis</span> <span class='ocrx_word' id='word_1_135' title='bbox 608 1956 652 2012; x_wconf 86' lang='lat' dir='ltr'>vi·</span> <span class='ocrx_word' id='word_1_136' title='bbox 693 1946 816 2027; x_wconf 74' lang='lat' dir='ltr'>quidem</span> <span class='ocrx_word' id='word_1_137' title='bbox 831 1966 913 2016; x_wconf 84' lang='lat' dir='ltr'>vern,</span> <span class='ocrx_word' id='word_1_138' title='bbox 937 1967 1022 2029; x_wconf 64' lang='lat' dir='ltr'>quae</span> <span class='ocrx_word' id='word_1_139' title='bbox 1035 1964 1067 2008; x_wconf 72' lang='lat' dir='ltr'>et</span> <span class='ocrx_word' id='word_1_140' title='bbox 1084 1953 1117 2008; x_wconf 80' lang='lat' dir='ltr'>in</span> <span class='ocrx_word' id='word_1_141' title='bbox 1130 1951 1182 2009; x_wconf 78' lang='lat' dir='ltr'>Cu·</span> 
     </span>
     <span class='ocr_line' id='line_1_16' title="bbox 161 2047 1183 2136; baseline 0.001 -26"><span class='ocrx_word' id='word_1_142' title='bbox 161 2048 379 2111; x_wconf 82' lang='lat' dir='ltr'>ciffitudinibus</span> <span class='ocrx_word' id='word_1_143' title='bbox 395 2051 539 2125; x_wconf 80' lang='lat' dir='ltr'>obnoxia,</span> <span class='ocrx_word' id='word_1_144' title='bbox 561 2075 652 2136; x_wconf 85' lang='lat' dir='ltr'>quam</span> <span class='ocrx_word' id='word_1_145' title='bbox 693 2047 752 2106; x_wconf 88' lang='lat' dir='ltr'>lice</span> <span class='ocrx_word' id='word_1_146' title='bbox 767 2050 900 2106; x_wconf 86' lang='lat' dir='ltr'>occurrit</span> <span class='ocrx_word' id='word_1_147' title='bbox 914 2068 955 2125; x_wconf 82' lang='lat'>72</span> <span class='ocrx_word' id='word_1_148' title='bbox 981 2051 1127 2132; x_wconf 77' lang='lat' dir='ltr'>otiaque</span> <span class='ocrx_word' id='word_1_149' title='bbox 1141 2055 1183 2110; x_wconf 76' lang='lat' dir='ltr'>in-</span> 
     </span>
     <span class='ocr_line' id='line_1_17' title="bbox 161 2146 1182 2235; baseline 0.002 -24"><span class='ocrx_word' id='word_1_150' title='bbox 161 2168 245 2212; x_wconf 86' lang='lat' dir='ltr'>tutus</span> <span class='ocrx_word' id='word_1_151' title='bbox 266 2173 301 2210; x_wconf 81' lang='lat' dir='ltr'>ac</span> <span class='ocrx_word' id='word_1_152' title='bbox 322 2150 441 2210; x_wconf 81' lang='lat' dir='ltr'>securus</span> <span class='ocrx_word' id='word_1_153' title='bbox 464 2173 542 2235; x_wconf 79' lang='lat' dir='ltr'><strong>agas.</strong></span> <span class='ocrx_word' id='word_1_154' title='bbox 573 2157 653 2215; x_wconf 83' lang='lat' dir='ltr'>Hac·</span> <span class='ocrx_word' id='word_1_155' title='bbox 693 2146 788 2207; x_wconf 68' lang='lat' dir='ltr'><em>vidia</em></span> <span class='ocrx_word' id='word_1_156' title='bbox 809 2146 987 2226; x_wconf 67' lang='lat' dir='ltr'>degentssm</span> <span class='ocrx_word' id='word_1_157' title='bbox 1013 2167 1048 2210; x_wconf 85' lang='lat' dir='ltr'>et</span> <span class='ocrx_word' id='word_1_158' title='bbox 1061 2151 1182 2232; x_wconf 71' lang='lat' dir='ltr'>finale</span> 
     </span>
     <span class='ocr_line' id='line_1_18' title="bbox 161 2251 1182 2337; baseline 0.01 -27"><span class='ocrx_word' id='word_1_159' title='bbox 161 2268 251 2312; x_wconf 79' lang='lat' dir='ltr'>tenus</span> <span class='ocrx_word' id='word_1_160' title='bbox 270 2272 337 2310; x_wconf 86' lang='lat' dir='ltr'>cum</span> <span class='ocrx_word' id='word_1_161' title='bbox 357 2256 422 2311; x_wconf 88' lang='lat' dir='ltr'>viro</span> <span class='ocrx_word' id='word_1_162' title='bbox 445 2254 537 2314; x_wconf 90' lang='lat' dir='ltr'>docto</span> <span class='ocrx_word' id='word_1_163' title='bbox 559 2278 653 2337; x_wconf 88' lang='lat' dir='ltr'>expo-</span> <span class='ocrx_word' id='word_1_164' title='bbox 695 2264 830 2315; x_wconf 76' lang='lat' dir='ltr'>remota.</span> <span class='ocrx_word' id='word_1_165' title='bbox 874 2251 913 2310; x_wconf 88' lang='lat' dir='ltr'>Et</span> <span class='ocrx_word' id='word_1_166' title='bbox 929 2252 1004 2312; x_wconf 77' lang='lat' dir='ltr'>lene</span> <span class='ocrx_word' id='word_1_167' title='bbox 1018 2255 1182 2337; x_wconf 58' lang='lat' dir='ltr'>vitmsst‘et.</span> 
     </span>
     <span class='ocr_line' id='line_1_19' title="bbox 159 2351 1184 2434; baseline 0.01 -22"><span class='ocrx_word' id='word_1_168' title='bbox 159 2372 234 2412; x_wconf 83' lang='lat' dir='ltr'>nas:</span> <span class='ocrx_word' id='word_1_169' title='bbox 258 2372 337 2433; x_wconf 83' lang='lat' dir='ltr'>quae</span> <span class='ocrx_word' id='word_1_170' title='bbox 353 2361 598 2434; x_wconf 75' lang='lat' dir='ltr'>expectationem</span> <span class='ocrx_word' id='word_1_171' title='bbox 614 2360 652 2420; x_wconf 90' lang='lat' dir='ltr'>de</span> <span class='ocrx_word' id='word_1_172' title='bbox 694 2374 752 2434; x_wconf 82' lang='lat' dir='ltr'>pro</span> <span class='ocrx_word' id='word_1_173' title='bbox 768 2351 953 2414; x_wconf 76' lang='lat' dir='ltr'>hOmlnibus·</span> <span class='ocrx_word' id='word_1_174' title='bbox 984 2356 1075 2416; x_wconf 82' lang='lat' dir='ltr'>Dura</span> <span class='ocrx_word' id='word_1_175' title='bbox 1091 2373 1184 2418; x_wconf 71' lang='lat' dir='ltr'>temen</span> 
     </span>
     <span class='ocr_line' id='line_1_20' title="bbox 159 2451 1185 2538; baseline 0.008 -25"><span class='ocrx_word' id='word_1_176' title='bbox 159 2452 191 2513; x_wconf 77' lang='lat' dir='ltr'>l&#39;e</span> <span class='ocrx_word' id='word_1_177' title='bbox 207 2451 346 2525; x_wconf 82' lang='lat' dir='ltr'>sustinet,</span> <span class='ocrx_word' id='word_1_178' title='bbox 367 2476 447 2538; x_wconf 77' lang='lat' dir='ltr'>quae</span> <span class='ocrx_word' id='word_1_179' title='bbox 459 2459 587 2538; x_wconf 80' lang='lat' dir='ltr'>praebet</span> <span class='ocrx_word' id='word_1_180' title='bbox 603 2482 651 2533; x_wconf 84' lang='lat' dir='ltr'>ea,</span> <span class='ocrx_word' id='word_1_181' title='bbox 693 2459 915 2535; x_wconf 85' lang='lat' dir='ltr'>interpretatio.</span> <span class='ocrx_word' id='word_1_182' title='bbox 959 2457 1034 2519; x_wconf 89' lang='lat' dir='ltr'>Fuit</span> <span class='ocrx_word' id='word_1_183' title='bbox 1056 2465 1105 2520; x_wconf 88' lang='lat' dir='ltr'>vir</span> <span class='ocrx_word' id='word_1_184' title='bbox 1123 2460 1185 2520; x_wconf 85' lang='lat' dir='ltr'>doc·</span> 
     </span>
     <span class='ocr_line' id='line_1_21' title="bbox 116 2556 1184 2643; baseline 0.014 -31"><span class='ocrx_word' id='word_1_185' title='bbox 116 2608 119 2613; x_wconf 82' lang='lat'>.</span> <span class='ocrx_word' id='word_1_186' title='bbox 161 2575 240 2637; x_wconf 80' lang='lat' dir='ltr'>quoe</span> <span class='ocrx_word' id='word_1_187' title='bbox 256 2556 295 2614; x_wconf 89' lang='lat' dir='ltr'>de</span> <span class='ocrx_word' id='word_1_188' title='bbox 308 2557 359 2616; x_wconf 81' lang='lat' dir='ltr'>ille</span> <span class='ocrx_word' id='word_1_189' title='bbox 375 2561 564 2639; x_wconf 80' lang='lat' dir='ltr'>expectabas.</span> <span class='ocrx_word' id='word_1_190' title='bbox 587 2562 652 2622; x_wconf 86' lang='lat' dir='ltr'>lam</span> <span class='ocrx_word' id='word_1_191' title='bbox 696 2573 759 2630; x_wconf 89' lang='lat' dir='ltr'>tus,</span> <span class='ocrx_word' id='word_1_192' title='bbox 800 2561 852 2639; x_wconf 81' lang='lat' dir='ltr'>qul</span> <span class='ocrx_word' id='word_1_193' title='bbox 880 2559 1020 2621; x_wconf 81' lang='lat' dir='ltr'>malebat</span> <span class='ocrx_word' id='word_1_194' title='bbox 1044 2567 1184 2643; x_wconf 82' lang='lat' dir='ltr'>interpre-</span> 
     </span>
     <span class='ocr_line' id='line_1_22' title="bbox 161 2656 1181 2746; baseline 0.021 -30"><span class='ocrx_word' id='word_1_195' title='bbox 161 2672 264 2717; x_wconf 75' lang='lat' dir='ltr'>autem</span> <span class='ocrx_word' id='word_1_196' title='bbox 286 2656 346 2718; x_wconf 88' lang='lat' dir='ltr'>hoc</span> <span class='ocrx_word' id='word_1_197' title='bbox 368 2659 464 2739; x_wconf 80' lang='lat' dir='ltr'>ipsum</span> <span class='ocrx_word' id='word_1_198' title='bbox 494 2668 574 2725; x_wconf 76' lang='lat' dir='ltr'>inter</span> <span class='ocrx_word' id='word_1_199' title='bbox 597 2687 654 2746; x_wconf 83' lang='lat' dir='ltr'>po·</span> <span class='ocrx_word' id='word_1_200' title='bbox 696 2666 766 2720; x_wconf 76' lang='lat' dir='ltr'>tari:</span> <span class='ocrx_word' id='word_1_201' title='bbox 801 2664 879 2731; x_wconf 74' lang='lat' dir='ltr'>vita,</span> <span class='ocrx_word' id='word_1_202' title='bbox 909 2682 992 2743; x_wconf 79' lang='lat' dir='ltr'>quae</span> <span class='ocrx_word' id='word_1_203' title='bbox 1016 2685 1084 2725; x_wconf 79' lang='lat'>¹¹0¹¹</span> <span class='ocrx_word' id='word_1_204' title='bbox 1107 2666 1181 2737; x_wconf 66' lang='lat' dir='ltr'>fflffile</span> 
     </span>
     <span class='ocr_line' id='line_1_23' title="bbox 160 2761 1182 2848; baseline 0.01 -30"><span class='ocrx_word' id='word_1_205' title='bbox 160 2763 255 2820; x_wconf 85' lang='lat' dir='ltr'>tiores</span> <span class='ocrx_word' id='word_1_206' title='bbox 278 2764 358 2821; x_wconf 79' lang='lat' dir='ltr'>vitae</span> <span class='ocrx_word' id='word_1_207' title='bbox 384 2761 489 2822; x_wconf 80' lang='lat' dir='ltr'>laudes</span> <span class='ocrx_word' id='word_1_208' title='bbox 512 2765 652 2839; x_wconf 85' lang='lat' dir='ltr'>habetur,</span> <span class='ocrx_word' id='word_1_209' title='bbox 694 2783 760 2822; x_wconf 90' lang='lat' dir='ltr'>non</span> <span class='ocrx_word' id='word_1_210' title='bbox 777 2762 869 2832; x_wconf 83' lang='lat' dir='ltr'>latet,</span> <span class='ocrx_word' id='word_1_211' title='bbox 906 2784 974 2823; x_wconf 89' lang='lat' dir='ltr'>non</span> <span class='ocrx_word' id='word_1_212' title='bbox 998 2764 1109 2848; x_wconf 83' lang='lat' dir='ltr'>effugit</span> <span class='ocrx_word' id='word_1_213' title='bbox 1129 2766 1182 2827; x_wconf 80' lang='lat' dir='ltr'>fiut</span> 
     </span>
     <span class='ocr_line' id='line_1_24' title="bbox 160 2863 1178 2944; baseline 0.007 -23"><span class='ocrx_word' id='word_1_214' title='bbox 160 2863 246 2944; x_wconf 91' lang='lat' dir='ltr'>quod</span> <span class='ocrx_word' id='word_1_215' title='bbox 281 2865 368 2926; x_wconf 82' lang='lat' dir='ltr'>nulla</span> <span class='ocrx_word' id='word_1_216' title='bbox 390 2886 425 2926; x_wconf 90' lang='lat' dir='ltr'>re</span> <span class='ocrx_word' id='word_1_217' title='bbox 447 2870 511 2926; x_wconf 85' lang='lat' dir='ltr'>eius</span> <span class='ocrx_word' id='word_1_218' title='bbox 538 2868 652 2928; x_wconf 81' lang='lat' dir='ltr'>fructus</span> <span class='ocrx_word' id='word_1_219' title='bbox 693 2866 803 2926; x_wconf 80' lang='lat' dir='ltr'>fructu.</span> <span class='ocrx_word' id='word_1_220' title='bbox 845 2864 890 2922; x_wconf 79' lang='lat' dir='ltr'>Ita</span> <span class='ocrx_word' id='word_1_221' title='bbox 907 2880 1017 2927; x_wconf 86' lang='lat' dir='ltr'>tamen</span> <span class='ocrx_word' id='word_1_222' title='bbox 1036 2871 1178 2930; x_wconf 82' lang='lat' dir='ltr'>adiectum</span> 
     </span>
     <span class='ocr_line' id='line_1_25' title="bbox 158 2964 1179 3054; baseline 0.009 -32"><span class='ocrx_word' id='word_1_223' title='bbox 158 2965 308 3025; x_wconf 81' lang='lat' dir='ltr'>turbatur.</span> <span class='ocrx_word' id='word_1_224' title='bbox 352 2969 461 3026; x_wconf 86' lang='lat' dir='ltr'><em>Parca</em></span> <span class='ocrx_word' id='word_1_225' title='bbox 478 2991 546 3026; x_wconf 82' lang='lat' dir='ltr'>non</span> <span class='ocrx_word' id='word_1_226' title='bbox 565 2990 652 3027; x_wconf 85' lang='lat' dir='ltr'>men·</span> <span class='ocrx_word' id='word_1_227' title='bbox 695 2965 810 3049; x_wconf 80' lang='lat' dir='ltr'>aliquid</span> <span class='ocrx_word' id='word_1_228' title='bbox 833 2964 1004 3042; x_wconf 83' lang='lat' dir='ltr'>defideres,</span> <span class='ocrx_word' id='word_1_229' title='bbox 1044 2975 1128 3054; x_wconf 87' lang='lat' dir='ltr'>quod</span> <span class='ocrx_word' id='word_1_230' title='bbox 1149 2969 1179 3030; x_wconf 79' lang='lat' dir='ltr'>td</span> 
     </span>
     <span class='ocr_line' id='line_1_26' title="bbox 160 3065 1179 3153; baseline 0.006 -29"><span class='ocrx_word' id='word_1_231' title='bbox 160 3065 555 3149; x_wconf 80' lang='lat' dir='ltr'>daxnpudHoratiumest,</span> <span class='ocrx_word' id='word_1_232' title='bbox 573 3093 651 3153; x_wconf 81' lang='lat' dir='ltr'>quae</span> <span class='ocrx_word' id='word_1_233' title='bbox 693 3070 776 3130; x_wconf 76' lang='lat' dir='ltr'>illam</span> <span class='ocrx_word' id='word_1_234' title='bbox 793 3073 954 3129; x_wconf 85' lang='lat' dir='ltr'>notionem</span> <span class='ocrx_word' id='word_1_235' title='bbox 972 3071 1076 3134; x_wconf 81' lang='lat' dir='ltr'>ducat.</span> <span class='ocrx_word' id='word_1_236' title='bbox 1113 3076 1179 3133; x_wconf 73' lang='lat' dir='ltr'>llam</span> 
     </span>
     <span class='ocr_line' id='line_1_27' title="bbox 158 3172 1177 3256; baseline 0.005 -29"><span class='ocrx_word' id='word_1_237' title='bbox 158 3188 231 3228; x_wconf 80' lang='lat' dir='ltr'>vera</span> <span class='ocrx_word' id='word_1_238' title='bbox 266 3174 363 3242; x_wconf 80' lang='lat' dir='ltr'>canit,</span> <span class='ocrx_word' id='word_1_239' title='bbox 405 3189 555 3253; x_wconf 85' lang='lat' dir='ltr'>quatenus</span> <span class='ocrx_word' id='word_1_240' title='bbox 590 3174 650 3232; x_wconf 83' lang='lat' dir='ltr'>sata</span> <span class='ocrx_word' id='word_1_241' title='bbox 692 3172 910 3251; x_wconf 81' lang='lat' dir='ltr'>HorntlilEp.</span> <span class='ocrx_word' id='word_1_242' title='bbox 931 3178 980 3246; x_wconf 86' lang='lat'>18,</span> <span class='ocrx_word' id='word_1_243' title='bbox 1002 3178 1039 3237; x_wconf 75' lang='grc' dir='ltr'>ιδ</span> <span class='ocrx_word' id='word_1_244' title='bbox 1062 3177 1177 3256; x_wconf 79' lang='lat' dir='ltr'>sallen-</span> 
     </span>
     <span class='ocr_line' id='line_1_28' title="bbox 159 3270 1176 3350; baseline 0.007 -23"><span class='ocrx_word' id='word_1_245' title='bbox 159 3285 240 3328; x_wconf 80' lang='lat' dir='ltr'>certn</span> <span class='ocrx_word' id='word_1_246' title='bbox 263 3292 299 3329; x_wconf 83' lang='lat' dir='ltr'>ac</span> <span class='ocrx_word' id='word_1_247' title='bbox 321 3270 378 3330; x_wconf 84' lang='lat' dir='ltr'>fixe</span> <span class='ocrx_word' id='word_1_248' title='bbox 395 3272 472 3332; x_wconf 81' lang='lat' dir='ltr'>lunt.</span> <span class='ocrx_word' id='word_1_249' title='bbox 515 3277 554 3334; x_wconf 88' lang='lat' dir='ltr'>Et</span> <span class='ocrx_word' id='word_1_250' title='bbox 571 3274 650 3335; x_wconf 78' lang='lat' dir='ltr'>hanc</span> <span class='ocrx_word' id='word_1_251' title='bbox 692 3278 734 3334; x_wconf 86' lang='lat' dir='ltr'>tis</span> <span class='ocrx_word' id='word_1_252' title='bbox 760 3276 886 3350; x_wconf 79' lang='lat' dir='ltr'>semita</span> <span class='ocrx_word' id='word_1_253' title='bbox 926 3279 1022 3335; x_wconf 84' lang='lat' dir='ltr'>vitae</span> <span class='ocrx_word' id='word_1_254' title='bbox 1056 3280 1176 3339; x_wconf 80' lang='lat' dir='ltr'>alienum</span> 
     </span>
     <span class='ocr_line' id='line_1_29' title="bbox 157 3370 1176 3457; baseline 0.009 -30"><span class='ocrx_word' id='word_1_255' title='bbox 157 3370 394 3449; x_wconf 84' lang='lat' dir='ltr'>explicationem</span> <span class='ocrx_word' id='word_1_256' title='bbox 412 3375 534 3434; x_wconf 84' lang='lat' dir='ltr'>Seruius</span> <span class='ocrx_word' id='word_1_257' title='bbox 554 3378 650 3438; x_wconf 79' lang='lat' dir='ltr'>altero</span> <span class='ocrx_word' id='word_1_258' title='bbox 694 3374 752 3448; x_wconf 76' lang='lat' dir='ltr'>est3</span> <span class='ocrx_word' id='word_1_259' title='bbox 775 3375 817 3433; x_wconf 89' lang='lat' dir='ltr'>ibi</span> <span class='ocrx_word' id='word_1_260' title='bbox 834 3373 892 3434; x_wconf 85' lang='lat' dir='ltr'>est:</span> <span class='ocrx_word' id='word_1_261' title='bbox 928 3397 1010 3457; x_wconf 84' lang='lat' dir='ltr'>quae</span> <span class='ocrx_word' id='word_1_262' title='bbox 1025 3380 1111 3448; x_wconf 81' lang='lat' dir='ltr'>latet,</span> <span class='ocrx_word' id='word_1_263' title='bbox 1131 3377 1176 3438; x_wconf 81' lang='lat' dir='ltr'>ob·</span> 
     </span>
     <span class='ocr_line' id='line_1_30' title="bbox 158 3469 1174 3559; baseline 0.01 -31"><span class='ocrx_word' id='word_1_264' title='bbox 158 3469 230 3530; x_wconf 91' lang='lat' dir='ltr'>loco</span> <span class='ocrx_word' id='word_1_265' title='bbox 253 3472 368 3550; x_wconf 87' lang='lat' dir='ltr'>poluit:</span> <span class='ocrx_word' id='word_1_266' title='bbox 411 3493 471 3536; x_wconf 85' lang='lat' dir='ltr'>ant</span> <span class='ocrx_word' id='word_1_267' title='bbox 494 3482 652 3559; x_wconf 69' lang='lat' dir='ltr'>quoniam</span> <span class='ocrx_word' id='word_1_268' title='bbox 692 3478 774 3537; x_wconf 83' lang='lat' dir='ltr'>scura</span> <span class='ocrx_word' id='word_1_269' title='bbox 797 3474 847 3538; x_wconf 84' lang='lat' dir='ltr'>est.</span> <span class='ocrx_word' id='word_1_270' title='bbox 904 3478 942 3537; x_wconf 90' lang='lat' dir='ltr'>ln</span> <span class='ocrx_word' id='word_1_271' title='bbox 965 3477 1051 3540; x_wconf 90' lang='lat' dir='ltr'>hunc</span> <span class='ocrx_word' id='word_1_272' title='bbox 1074 3480 1174 3542; x_wconf 80' lang='lat' dir='ltr'>sensum</span> 
     </span>
     <span class='ocr_line' id='line_1_31' title="bbox 158 3570 1172 3664; baseline 0.013 -37"><span class='ocrx_word' id='word_1_273' title='bbox 158 3570 334 3632; x_wconf 81' lang='lat' dir='ltr'>immobilis</span> <span class='ocrx_word' id='word_1_274' title='bbox 362 3575 405 3651; x_wconf 81' lang='lat' dir='ltr'>est</span> <span class='ocrx_word' id='word_1_275' title='bbox 426 3579 535 3656; x_wconf 78' lang='lat' dir='ltr'>status</span> <span class='ocrx_word' id='word_1_276' title='bbox 560 3585 652 3640; x_wconf 64' lang='lat' dir='ltr'>eticae</span> <span class='ocrx_word' id='word_1_277' title='bbox 693 3595 867 3661; x_wconf 82' lang='lat' dir='ltr'>expectares</span> <span class='ocrx_word' id='word_1_278' title='bbox 885 3578 950 3642; x_wconf 87' lang='lat' dir='ltr'>h.l.</span> <span class='ocrx_word' id='word_1_279' title='bbox 973 3587 1086 3655; x_wconf 83' lang='lat' dir='ltr'>vitam,</span> <span class='ocrx_word' id='word_1_280' title='bbox 1107 3600 1172 3664; x_wconf 73' lang='lat' dir='ltr'>quae</span> 
     </span>
     <span class='ocr_line' id='line_1_32' title="bbox 159 3679 1172 3767; baseline 0.015 -39"><span class='ocrx_word' id='word_1_281' title='bbox 159 3693 291 3742; x_wconf 76' lang='lat' dir='ltr'>eorum:</span> <span class='ocrx_word' id='word_1_282' title='bbox 331 3679 533 3741; x_wconf 72' lang='lat' dir='ltr'>urbanorum</span> <span class='ocrx_word' id='word_1_283' title='bbox 562 3688 649 3742; x_wconf 84' lang='lat' dir='ltr'>enim</span> <span class='ocrx_word' id='word_1_284' title='bbox 692 3680 792 3764; x_wconf 85' lang='lat' dir='ltr'>potest</span> <span class='ocrx_word' id='word_1_285' title='bbox 812 3683 933 3756; x_wconf 81' lang='lat' dir='ltr'>fallere,</span> <span class='ocrx_word' id='word_1_286' title='bbox 957 3681 987 3742; x_wconf 91' lang='lat' dir='ltr'>h.</span> <span class='ocrx_word' id='word_1_287' title='bbox 1006 3707 1086 3767; x_wconf 82' lang='lat' dir='ltr'>quae</span> <span class='ocrx_word' id='word_1_288' title='bbox 1102 3686 1172 3751; x_wconf 79' lang='lat' dir='ltr'>fallit,</span> 
     </span>
     <span class='ocr_line' id='line_1_33' title="bbox 157 3776 1172 3868; baseline 0.013 -38"><span class='ocrx_word' id='word_1_289' title='bbox 157 3776 230 3832; x_wconf 80' lang='lat' dir='ltr'>vita</span> <span class='ocrx_word' id='word_1_290' title='bbox 252 3794 312 3838; x_wconf 83' lang='lat' dir='ltr'>aut</span> <span class='ocrx_word' id='word_1_291' title='bbox 342 3782 467 3858; x_wconf 71' lang='lat' dir='ltr'>insidiis</span> <span class='ocrx_word' id='word_1_292' title='bbox 488 3800 548 3843; x_wconf 84' lang='lat' dir='ltr'>aut</span> <span class='ocrx_word' id='word_1_293' title='bbox 570 3808 648 3868; x_wconf 77' lang='lat' dir='ltr'>pro·</span> <span class='ocrx_word' id='word_1_294' title='bbox 691 3787 774 3846; x_wconf 83' lang='lat' dir='ltr'>latet.</span> <span class='ocrx_word' id='word_1_295' title='bbox 798 3788 870 3862; x_wconf 74' lang='lat'>468.</span> <span class='ocrx_word' id='word_1_296' title='bbox 889 3808 988 3864; x_wconf 81' lang='lat' dir='ltr'>opum</span> <span class='ocrx_word' id='word_1_297' title='bbox 1005 3792 1172 3847; x_wconf 78' lang='lat' dir='ltr'>variarum.</span> 
     </span>
     <span class='ocr_line' id='line_1_34' title="bbox 145 3875 1172 3969; baseline 0.01 -34"><span class='ocrx_word' id='word_1_298' title='bbox 145 3875 332 3959; x_wconf 72' lang='lat' dir='ltr'>scriptione</span> <span class='ocrx_word' id='word_1_299' title='bbox 344 3889 505 3946; x_wconf 82' lang='lat' dir='ltr'>variatur.</span> <span class='ocrx_word' id='word_1_300' title='bbox 526 3889 572 3950; x_wconf 80' lang='lat' dir='ltr'>Ad</span> <span class='ocrx_word' id='word_1_301' title='bbox 586 3891 648 3948; x_wconf 77' lang='lat' dir='ltr'>He.</span> <span class='ocrx_word' id='word_1_302' title='bbox 690 3887 941 3969; x_wconf 71' lang='lat' dir='ltr'>Reprehendunt</span> <span class='ocrx_word' id='word_1_303' title='bbox 963 3890 1126 3969; x_wconf 83' lang='lat' dir='ltr'>epitheton</span> <span class='ocrx_word' id='word_1_304' title='bbox 1143 3885 1172 3946; x_wconf 81' lang='lat' dir='ltr'>nb</span> 
     </span>
     <span class='ocr_line' id='line_1_35' title="bbox 155 3975 1170 4070; baseline 0 -22"><span class='ocrx_word' id='word_1_305' title='bbox 155 3975 398 4069; x_wconf 65' lang='lat' dir='ltr'>fiod·’&#39;Epy.227</span> <span class='ocrx_word' id='word_1_306' title='bbox 409 3986 469 4070; x_wconf 80' lang='lat' dir='ltr'><strong>sqq.</strong></span> <span class='ocrx_word' id='word_1_307' title='bbox 490 3989 647 4070; x_wconf 82' lang='lat' dir='ltr'>respexille</span> <span class='ocrx_word' id='word_1_308' title='bbox 690 3994 732 4052; x_wconf 88' lang='lat' dir='ltr'>ill.</span> <span class='ocrx_word' id='word_1_309' title='bbox 757 3993 872 4050; x_wconf 87' lang='lat' dir='ltr'>Homio</span> <span class='ocrx_word' id='word_1_310' title='bbox 900 3990 993 4052; x_wconf 84' lang='lat' dir='ltr'>Tom.</span> <span class='ocrx_word' id='word_1_311' title='bbox 1019 3994 1073 4065; x_wconf 85' lang='grc' dir='ltr'><strong>ΙΙΙ,</strong></span> <span class='ocrx_word' id='word_1_312' title='bbox 1094 4015 1118 4052; x_wconf 91' lang='lat' dir='ltr'>c.</span> <span class='ocrx_word' id='word_1_313' title='bbox 1142 4008 1170 4050; x_wconf 83' lang='lat'>21</span> 
     </span>
     <span class='ocr_line' id='line_1_36' title="bbox 155 4085 1173 4178; baseline 0.01 -34"><span class='ocrx_word' id='word_1_314' title='bbox 155 4085 285 4163; x_wconf 80' lang='lat' dir='ltr'>putabat</span> <span class='ocrx_word' id='word_1_315' title='bbox 307 4086 439 4147; x_wconf 67' lang='lat' dir='ltr'>VrfinuS.</span> <span class='ocrx_word' id='word_1_316' title='bbox 482 4092 531 4150; x_wconf 79' lang='lat' dir='ltr'>Ad</span> <span class='ocrx_word' id='word_1_317' title='bbox 555 4093 648 4154; x_wconf 83' lang='lat' dir='ltr'>verba</span> <span class='ocrx_word' id='word_1_318' title='bbox 689 4095 792 4154; x_wconf 86' lang='lat' dir='ltr'>Elem.</span> <span class='ocrx_word' id='word_1_319' title='bbox 811 4094 939 4164; x_wconf 68' lang='lat' dir='ltr'>Oricia,</span> <span class='ocrx_word' id='word_1_320' title='bbox 968 4110 1123 4178; x_wconf 80' lang='lat' dir='ltr'>tamquam</span> <span class='ocrx_word' id='word_1_321' title='bbox 1136 4094 1173 4154; x_wconf 79' lang='lat' dir='ltr'>ni·</span> 
     </span>
     <span class='ocr_line' id='line_1_37' title="bbox 157 4187 1174 4283; baseline 0.01 -39"><span class='ocrx_word' id='word_1_322' title='bbox 157 4199 264 4248; x_wconf 80' lang='lat' dir='ltr'>temen</span> <span class='ocrx_word' id='word_1_323' title='bbox 295 4187 373 4250; x_wconf 78' lang='lat' dir='ltr'>nihil</span> <span class='ocrx_word' id='word_1_324' title='bbox 405 4191 479 4252; x_wconf 80' lang='lat' dir='ltr'>inde</span> <span class='ocrx_word' id='word_1_325' title='bbox 512 4193 646 4256; x_wconf 86' lang='lat' dir='ltr'>lucreris.</span> <span class='ocrx_word' id='word_1_326' title='bbox 691 4201 748 4257; x_wconf 85' lang='lat' dir='ltr'>mis</span> <span class='ocrx_word' id='word_1_327' title='bbox 781 4195 885 4255; x_wconf 82' lang='lat' dir='ltr'>laxum</span> <span class='ocrx_word' id='word_1_328' title='bbox 922 4196 1066 4283; x_wconf 77' lang='lat' dir='ltr'>adeoque</span> <span class='ocrx_word' id='word_1_329' title='bbox 1100 4215 1174 4259; x_wconf 82' lang='lat' dir='ltr'>cuer·</span> 
     </span>
    </p>
   </div>
   <div class='ocr_carea' id='block_1_5' title="bbox 0 0 1354 4906">
    <p class='ocr_par' dir='ltr' id='par_1_6' title="bbox 0 0 1354 4906">
     <span class='ocr_line' id='line_1_38' title="bbox 0 0 1354 4906; baseline 0 1"><span class='ocrx_word' id='word_1_330' title='bbox 0 0 1354 4906; x_wconf 95' lang='lat' dir='ltr'> </span> 
     </span>
    </p>
   </div>
  </div>
 </body>
</html>
