2692 4914
249 329 995 432 ononoreoumnurrqffim
1100 331 1174 407 563

148 524 230 594 diat,
261 543 325 604 quo
346 525 447 581 minue
471 539 568 602 equus
591 517 658 578 eds
684 521 743 578 viu.
794 517 904 603 Itaque
924 541 974 602 ep.
995 519 1109 582 Tibull.
1134 521 1174 597 11,

147 622 313 698 milleriur,
352 628 406 706 qui
432 622 470 683 eb
500 623 644 680 armentis
688 641 723 690 t,
746 621 787 684 82
847 621 925 681 ltine
946 623 1067 703 procul
1087 623 1177 684 abde

148 740 329 786 remouetur
351 742 383 787 et
407 730 442 785 in
460 721 578 783 llebulo
604 720 643 781 ad
677 723 787 802 faces,
809 723 848 784 eb
872 721 931 784 ltoc
952 724 1023 786 loco
1036 747 1176 799 remoue,

148 846 227 908 opus
241 827 416 886 laciendum
430 824 568 895 hebetur,
585 821 644 883 do·
685 840 716 885 et
732 825 815 889 idem
828 826 869 893 11,
884 829 904 888 3
912 869 922 898 ,
945 828 986 890 65
1005 827 1177 907 formosas

149 951 203 989 mo
222 928 304 990 abdi
320 928 380 988 dici
396 925 486 1008 poffit
506 921 645 1008 (persistit
686 925 830 1002 tristibus
856 930 947 1005 agris
972 928 1097 990 abdere
1125 931 1179 993 eb·

150 1051 278 1114 quoque
300 1034 332 1089 iu
354 1029 416 1090 hoc
435 1029 554 1088 tuendo
580 1028 645 1120 Qu·
687 1027 831 1091 ducendo
853 1050 904 1091 eet
927 1046 959 1092 et
980 1031 1130 1095 seruando
1145 1037 1179 1095 iu

149 1153 236 1192 wons
263 1133 303 1191 N.
330 1131 408 1212 flag.
439 1151 471 1210 p.
499 1131 580 1202 585,
614 1143 646 1189 et
687 1134 775 1210 ngn'r.
825 1131 920 1192 Vides
942 1146 974 1192 et
996 1126 1056 1194 ltoc
1077 1155 1181 1196 exem·

150 1235 257 1295 laudat
278 1232 422 1293 llorat.I
450 1229 542 1310 Epist.
563 1232 596 1304 1,
625 1232 645 1293 5
686 1231 759 1311 plo,
791 1253 850 1313 per
873 1233 1007 1296 edictum
1028 1255 1178 1319 gramme·

152 1336 193 1397 de
207 1338 337 1395 emerito
356 1333 542 1416 gladiatore:
565 1331 648 1392 latet
687 1335 746 1392 tice
783 1330 943 1419 constitui*
966 1356 1034 1399 uon
1074 1337 1180 1420 posset

152 1435 289 1496 abditus
309 1433 427 1514 agro)
480 1437 579 1495 Litem
604 1448 648 1494 te·
687 1431 739 1493 sed
753 1431 864 1497 caulius
879 1433 939 1498 elle
956 1437 1180 1520 perspiciendos

151 1558 227 1599 men
257 1538 399 1598 dirimere
428 1537 525 1597 videri
554 1535 648 1597 debet
689 1551 721 1595 et
740 1537 900 1599 eruendae.
956 1538 1046 1603 lubet
1075 1548 1181 1628 itaque

150 1637 329 1702 Nemefieni
364 1641 495 1700 imitatio
531 1639 648 1722 Cyneg.
688 1653 782 1717 poete
811 1639 989 1722 diligentem
1015 1649 1182 1725 petremln·

158 1751 237 1821 141,
265 1741 318 1801 vbi
340 1739 379 1800 de
403 1741 509 1801 catulis
531 1743 648 1800 recenti
688 1741 784 1800 milies
801 1761 957 1816 emouere,
980 1743 1134 1831 ablegare,
1161 1771 1180 1811 e

153 1858 246 1927 partu
262 1844 366 1904 editis:
391 1843 449 1901 Sin
465 1861 545 1900 vero
566 1841 649 1900 haee
688 1843 833 1922 praedio,
869 1865 1055 1929 quocunque
1074 1836 1182 1928 modo,

154 1967 237 2007 eura
260 1945 320 2024 est,
352 1943 469 2002 melior
494 1965 536 2002 ne
552 1944 650 2024 sorte
689 1945 830 2028 adeoque
852 1946 902 2006 vel
923 1949 1077 2027 vendere,
1107 1952 1182 2019 effe-

155 2062 305 2115 necetur‚
341 2045 520 2106 Abdaturue
539 2046 653 2123 domo;
693 2059 756 2104 turn
776 2062 809 2107 et
828 2048 968 2111 inutilem
988 2051 1028 2112 ed
1041 2053 1183 2119 edmili'u·

156 2147 350 2230 catulosque
367 2145 514 2227 probare
536 2146 653 2205 volun·
692 2156 757 2206 rim
772 2149 968 2234 (quemquem
984 2154 1035 2216 ille
1049 2156 1115 2222 eliis
1129 2157 1184 2222 ad.

101 2251 104 2255 ’
158 2265 234 2310 tar:
259 2248 311 2310 vbi
326 2263 454 2330 eppuret
468 2244 540 2320 elle,
561 2246 654 2308 ebde-
692 2245 753 2308 huc
778 2250 934 2315 laboribus
961 2252 1097 2322 sufficere
1124 2282 1184 2343 po-
1298 2307 1304 2332 ,

159 2369 248 2413 tura
264 2350 375 2420 domo,
396 2365 586 2423 remoueatur,
605 2371 652 2410 re·
693 2347 759 2431 test)
780 2374 904 2436 equum,
926 2364 1065 2442 quemuis
1082 2361 1185 2426 senec,

159 2469 334 2518 moueutur.
387 2453 588 2515 Aduocarunt
613 2473 652 2514 eo
695 2463 745 2511 tue
775 2454 925 2520 miseratio
956 2459 1078 2536 lubent3
1122 2463 1185 2529 elie

160 2571 196 2619 et
226 2555 433 2637 exposuerrmt
459 2555 563 2616 locum
597 2575 655 2617 no-
695 2557 778 2614 euim
813 2578 881 2619 eum
915 2576 1042 2644 turpem
1049 2607 1062 2635 ,
1115 2570 1184 2645 vel,

159 2655 256 2719 strum
271 2658 384 2738 Intpp„
409 2671 443 2716 vt
463 2672 565 2716 temen
586 2677 656 2736 per·
697 2664 852 2724 communi
878 2660 1039 2727 senectutis
1067 2669 1187 2750 epithe-

159 2781 272 2844 peram
288 2761 328 2820 ad
340 2759 437 2820 solum
452 2753 487 2822 ri
503 2755 656 2830 vendere,
698 2772 743 2830 to,
763 2758 900 2839 respectu
918 2767 1084 2842 iuuentae,
1111 2766 1188 2851 pul·

162 2863 253 2947 quod
286 2865 376 2922 nimie
412 2857 570 2943 angustum
604 2855 656 2932 est,
699 2880 794 2935 crae,
818 2862 1004 2942 speeiffae,
1038 2870 1188 2942 nitidae:

160 2979 324 3026 reuocent„
375 2962 506 3043 Copiose
532 2981 657 3045 quoque
687 2963 749 3022 .vel
769 2984 812 3046 ex,
825 2962 903 3048 sqq„
938 2990 998 3052 que
1013 2971 1065 3032 ille
1081 2972 1111 3034 se
1127 2989 1189 3036 tur.

162 3068 206 3129 de
219 3065 248 3126 b.
263 3066 284 3128 l.
301 3070 363 3149 egit
377 3067 519 3126 Gronou.
534 3064 573 3124 de
587 3065 658 3123 Pec.
700 3067 781 3143 piter
800 3065 870 3139 det,
901 3074 1014 3132 necin
1032 3074 1190 3138 Venerem

163 3170 239 3231 Ver
265 3170 310 3229 IV
318 3211 329 3242 ‚
359 3170 390 3231 8.
452 3165 589 3227 Abdere
618 3161 661 3226 est
701 3163 768 3226 letis
784 3171 878 3228 animi
892 3189 926 3231 ec
939 3175 1046 3233 virium
1066 3172 1190 3242 hebent.

117 3343 120 3347 ⁴
163 3276 295 3354 proprie
309 3271 383 3331 dere
397 3270 450 3332 abe
465 3270 512 3344 se,
535 3289 661 3330 emoue-
705 3269 833 3330 Ouidius
853 3269 912 3332 hoc
931 3273 1019 3336 Trist.
1031 3274 1086 3350 IV,
1101 3279 1133 3352 8,
1152 3299 1191 3362 ¹9

166 3395 223 3446 re,
260 3377 395 3437 reiicere.
468 3373 532 3432 leru
557 3386 662 3435 eutem
703 3363 869 3432 Ne’cadae
884 3388 917 3432 et
930 3376 1049 3437 multas
1061 3381 1193 3462 palmae

166 3472 271 3559 potest
299 3475 415 3559 aliquid
447 3472 530 3534 abdi
561 3473 611 3533 vel
641 3494 663 3531 a
704 3473 886 3551 inhonestet
899 3475 1054 3556 adeptus:
1081 3479 1193 3568 liqui.

166 3579 267 3651 loco2
296 3578 345 3638 vel
372 3583 405 3638 in
432 3577 526 3638 elium
549 3576 662 3649 locum,
706 3574 777 3634 dem
796 3575 896 3637 versut
911 3576 954 3639 eli
967 3581 1081 3643 Ouidii.
1124 3599 1195 3645 tur·

167 3696 206 3743 vt
222 3656 314 3740 ineo
328 3679 475 3754 seruetur,
496 3679 666 3741 abscondu-
704 3678 743 3758 pi
761 3676 867 3756 finem
897 3677 1019 3745 donate
1037 3686 1198 3762 senectae

170 3799 242 3857 tur,
279 3804 354 3866 ergo
376 3786 410 3843 in
429 3782 510 3844 loco.
573 3779 666 3843 Vnde
709 3778 748 3837 ad
762 3775 856 3838 nostri
871 3780 997 3842 ductum
1016 3785 1105 3850 Silius
1123 3789 1196 3864 XV,

169 3886 289 3967 duplex
322 3884 388 3945 vsus
426 3884 510 3946 verbi
553 3884 666 3946 abdere
710 3883 794 3957 654,·
832 3896 864 3941 vt
891 3886 952 3944 iem
984 3886 1084 3949 Cerdo
1111 3889 1197 3951 vidit.

170 4009 244 4052 curn
260 3986 329 4048 colu
344 3986 442 4050 sexto:
464 3985 545 4047 abdi
558 3985 669 4055 domo,
711 3982 848 4045 Ouwene
860 3984 880 4044 l.
896 3986 917 4046 l.
937 4008 999 4048 nee
1017 3992 1106 4073 turpi
1128 3995 1198 4053 iun·

170 4095 241 4153 ie.
258 4111 275 4150 e
291 4089 398 4164 domo,
428 4105 460 4151 et
480 4113 553 4153 vero
576 4094 668 4152 etiem
711 4084 818 4168 gebat:
848 4101 882 4147 et
901 4089 1031 4172 ignosce
1039 4090 1199 4170 senectae

169 4199 207 4258 in
229 4194 336 4256 domo.
378 4192 440 4256 liet
461 4191 501 4257 fic
524 4194 592 4257 letis
613 4191 670 4255 ob·
711 4209 779 4248 nou
798 4192 895 4272 turpi.
