<?xml version="1.0" encoding="UTF-8"?>
<!DOCTYPE html PUBLIC "-//W3C//DTD XHTML 1.0 Transitional//EN"
    "http://www.w3.org/TR/xhtml1/DTD/xhtml1-transitional.dtd">
<html xmlns="http://www.w3.org/1999/xhtml" xml:lang="en" lang="en">
 <head>
  <title>
</title>
<meta http-equiv="Content-Type" content="text/html;charset=utf-8" />
  <meta name='ocr-system' content='tesseract 3.04.00' />
  <meta name='ocr-capabilities' content='ocr_page ocr_carea ocr_par ocr_line ocrx_word'/>
</head>
<body>
  <div class='ocr_page' id='page_1' title='image "./pvirgilivsmarov00virggoog_0273.png"; bbox 0 0 2692 4914; ppageno 0'>
   <div class='ocr_carea' id='block_1_1' title="bbox 339 112 352 143">
    <p class='ocr_par' dir='ltr' id='par_1_1' title="bbox 339 112 352 143">
     <span class='ocr_line' id='line_1_1' title="bbox 339 112 352 143; baseline 0 0"><span class='ocrx_word' id='word_1_1' title='bbox 339 112 352 143; x_wconf 69' lang='grc'><strong>4</strong></span> 
     </span>
    </p>
   </div>
   <div class='ocr_carea' id='block_1_2' title="bbox 262 279 1087 419">
    <p class='ocr_par' dir='ltr' id='par_1_2' title="bbox 262 279 1087 419">
     <span class='ocr_line' id='line_1_2' title="bbox 262 279 1087 419; baseline 0 -8"><span class='ocrx_word' id='word_1_2' title='bbox 262 342 337 419; x_wconf 76' lang='lat'><strong>204</strong></span> <span class='ocrx_word' id='word_1_3' title='bbox 468 279 529 406; x_wconf 68' lang='lat' dir='ltr'><strong>a.</strong></span> <span class='ocrx_word' id='word_1_4' title='bbox 552 304 798 410; x_wconf 66' lang='lat' dir='ltr'><strong>vrnenirr</strong></span> <span class='ocrx_word' id='word_1_5' title='bbox 828 333 1087 411; x_wconf 82' lang='lat' dir='ltr'><strong>Mtaonts</strong></span> 
     </span>
    </p>
   </div>
   <div class='ocr_carea' id='block_1_3' title="bbox 260 518 1305 720">
    <p class='ocr_par' dir='ltr' id='par_1_3' title="bbox 260 518 1305 720">
     <span class='ocr_line' id='line_1_3' title="bbox 260 518 1305 619; baseline 0.005 -25"><span class='ocrx_word' id='word_1_6' title='bbox 260 526 357 598; x_wconf 88' lang='lat' dir='ltr'><strong>Nam</strong></span> <span class='ocrx_word' id='word_1_7' title='bbox 395 544 520 619; x_wconf 90' lang='lat' dir='ltr'><strong>neque</strong></span> <span class='ocrx_word' id='word_1_8' title='bbox 557 518 680 593; x_wconf 90' lang='lat' dir='ltr'><strong>adhuc</strong></span> <span class='ocrx_word' id='word_1_9' title='bbox 713 522 826 596; x_wconf 86' lang='lat' dir='ltr'><strong>Vario</strong></span> <span class='ocrx_word' id='word_1_10' title='bbox 861 519 1008 610; x_wconf 83' lang='lat' dir='ltr'><strong>videor,</strong></span> <span class='ocrx_word' id='word_1_11' title='bbox 1053 546 1127 595; x_wconf 90' lang='lat' dir='ltr'><strong>nec</strong></span> <span class='ocrx_word' id='word_1_12' title='bbox 1171 522 1305 599; x_wconf 83' lang='lat' dir='ltr'><strong>dicere</strong></span> 
     </span>
     <span class='ocr_line' id='line_1_4' title="bbox 880 645 1302 720; baseline 0.014 -6"><span class='ocrx_word' id='word_1_13' title='bbox 880 645 1002 715; x_wconf 84' lang='lat' dir='ltr'><strong>Cinna</strong></span> <span class='ocrx_word' id='word_1_14' title='bbox 1250 649 1302 720; x_wconf 82' lang='lat'><strong>35</strong></span> 
     </span>
    </p>
   </div>
   <div class='ocr_carea' id='block_1_4' title="bbox 175 772 1275 879">
    <p class='ocr_par' dir='ltr' id='par_1_4' title="bbox 175 772 1275 879">
     <span class='ocr_line' id='line_1_5' title="bbox 175 772 1275 879; baseline 0.002 -28"><span class='ocrx_word' id='word_1_15' title='bbox 175 774 180 788; x_wconf 86' lang='lat'>&#39;</span> <span class='ocrx_word' id='word_1_16' title='bbox 261 783 402 879; x_wconf 86' lang='lat' dir='ltr'>Digna,</span> <span class='ocrx_word' id='word_1_17' title='bbox 438 773 500 850; x_wconf 90' lang='lat' dir='ltr'><strong>led</strong></span> <span class='ocrx_word' id='word_1_18' title='bbox 526 792 675 874; x_wconf 86' lang='lat' dir='ltr'><strong>argutos</strong></span> <span class='ocrx_word' id='word_1_19' title='bbox 698 779 795 849; x_wconf 88' lang='lat' dir='ltr'><strong>inter</strong></span> <span class='ocrx_word' id='word_1_20' title='bbox 813 772 977 875; x_wconf 86' lang='lat' dir='ltr'><strong>strepere</strong></span> <span class='ocrx_word' id='word_1_21' title='bbox 1002 777 1106 852; x_wconf 87' lang='lat' dir='ltr'><strong>anser</strong></span> <span class='ocrx_word' id='word_1_22' title='bbox 1135 781 1275 856; x_wconf 88' lang='lat' dir='ltr'><strong>olores.</strong></span> 
     </span>
    </p>
   </div>
   <div class='ocr_carea' id='block_1_5' title="bbox 255 934 1304 2201">
    <p class='ocr_par' dir='ltr' id='par_1_5' title="bbox 255 934 1304 2201">
     <span class='ocr_line' id='line_1_6' title="bbox 329 934 1302 1014; baseline -0.004 -18"><span class='ocrx_word' id='word_1_23' title='bbox 329 943 362 995; x_wconf 84' lang='lat'><strong>35</strong></span> <span class='ocrx_word' id='word_1_24' title='bbox 387 941 474 993; x_wconf 72' lang='lat' dir='ltr'><strong>Vario</strong></span> <span class='ocrx_word' id='word_1_25' title='bbox 495 935 630 990; x_wconf 82' lang='lat' dir='ltr'><strong>manifeste</strong></span> <span class='ocrx_word' id='word_1_26' title='bbox 654 934 717 1008; x_wconf 81' lang='lat' dir='ltr'><strong>legit</strong></span> <span class='ocrx_word' id='word_1_27' title='bbox 732 936 807 989; x_wconf 88' lang='lat' dir='ltr'><strong>Seru.</strong></span> <span class='ocrx_word' id='word_1_28' title='bbox 824 937 952 991; x_wconf 88' lang='lat' dir='ltr'><strong>etSchol.</strong></span> <span class='ocrx_word' id='word_1_29' title='bbox 970 941 1064 993; x_wconf 87' lang='lat' dir='ltr'><strong>Horat.</strong></span> <span class='ocrx_word' id='word_1_30' title='bbox 1079 941 1178 1014; x_wconf 85' lang='lat' dir='ltr'><strong>Cruqu.</strong></span> <span class='ocrx_word' id='word_1_31' title='bbox 1194 943 1230 996; x_wconf 83' lang='lat' dir='ltr'><strong>ad</strong></span> <span class='ocrx_word' id='word_1_32' title='bbox 1244 944 1302 999; x_wconf 79' lang='lat' dir='ltr'><strong>Od,</strong></span> 
     </span>
     <span class='ocr_line' id='line_1_7' title="bbox 259 1020 1304 1099; baseline -0.001 -17"><span class='ocrx_word' id='word_1_33' title='bbox 259 1030 281 1090; x_wconf 85' lang='lat'><strong>1,</strong></span> <span class='ocrx_word' id='word_1_34' title='bbox 297 1029 322 1088; x_wconf 90' lang='lat'><strong>6,</strong></span> <span class='ocrx_word' id='word_1_35' title='bbox 342 1026 386 1099; x_wconf 89' lang='lat' dir='ltr'><strong>qui</strong></span> <span class='ocrx_word' id='word_1_36' title='bbox 402 1022 531 1094; x_wconf 83' lang='lat' dir='ltr'><strong>Thyestae</strong></span> <span class='ocrx_word' id='word_1_37' title='bbox 546 1020 695 1093; x_wconf 74' lang='lat' dir='ltr'><strong>tragoediae</strong></span> <span class='ocrx_word' id='word_1_38' title='bbox 711 1037 860 1084; x_wconf 75' lang='lat' dir='ltr'><strong>auctorem,</strong></span> <span class='ocrx_word' id='word_1_39' title='bbox 883 1024 1048 1097; x_wconf 82' lang='lat' dir='ltr'><strong>eundemque</strong></span> <span class='ocrx_word' id='word_1_40' title='bbox 1062 1027 1180 1080; x_wconf 87' lang='lat' dir='ltr'><strong>nobilem</strong></span> <span class='ocrx_word' id='word_1_41' title='bbox 1193 1049 1304 1099; x_wconf 80' lang='lat' dir='ltr'><strong>epicum</strong></span> 
     </span>
     <span class='ocr_line' id='line_1_8' title="bbox 259 1106 1301 1185; baseline -0.008 -20"><span class='ocrx_word' id='word_1_42' title='bbox 259 1126 381 1185; x_wconf 80' lang='lat' dir='ltr'><strong>poetam.</strong></span> <span class='ocrx_word' id='word_1_43' title='bbox 399 1108 534 1180; x_wconf 68' lang='lat' dir='ltr'><strong>intelligitr</strong></span> <span class='ocrx_word' id='word_1_44' title='bbox 554 1107 596 1159; x_wconf 86' lang='lat' dir='ltr'><strong>sed</strong></span> <span class='ocrx_word' id='word_1_45' title='bbox 615 1108 641 1159; x_wconf 91' lang='lat' dir='ltr'><strong>in</strong></span> <span class='ocrx_word' id='word_1_46' title='bbox 656 1107 754 1176; x_wconf 77' lang='lat' dir='ltr'><strong>scriptia</strong></span> <span class='ocrx_word' id='word_1_47' title='bbox 775 1106 923 1160; x_wconf 87' lang='lat' dir='ltr'><strong>constanter</strong></span> <span class='ocrx_word' id='word_1_48' title='bbox 943 1113 1027 1163; x_wconf 86' lang='lat' dir='ltr'><strong>Varo.</strong></span> <span class='ocrx_word' id='word_1_49' title='bbox 1071 1114 1102 1165; x_wconf 86' lang='lat' dir='ltr'><strong>ln</strong></span> <span class='ocrx_word' id='word_1_50' title='bbox 1123 1113 1183 1165; x_wconf 79' lang='lat' dir='ltr'><strong>edd.</strong></span> <span class='ocrx_word' id='word_1_51' title='bbox 1207 1118 1301 1168; x_wconf 75' lang='lat' dir='ltr'><strong>l‘orr‘o</strong></span> 
     </span>
     <span class='ocr_line' id='line_1_9' title="bbox 259 1192 1302 1267; baseline 0.003 -18"><span class='ocrx_word' id='word_1_52' title='bbox 259 1194 401 1267; x_wconf 86' lang='lat' dir='ltr'><strong>repolitum</strong></span> <span class='ocrx_word' id='word_1_53' title='bbox 421 1192 458 1248; x_wconf 84' lang='lat' dir='ltr'><strong>est</strong></span> <span class='ocrx_word' id='word_1_54' title='bbox 479 1193 511 1245; x_wconf 85' lang='lat' dir='ltr'><strong>ab</strong></span> <span class='ocrx_word' id='word_1_55' title='bbox 526 1194 638 1263; x_wconf 78' lang='lat' dir='ltr'><strong>Egnatio</strong></span> <span class='ocrx_word' id='word_1_56' title='bbox 653 1209 678 1246; x_wconf 86' lang='lat' dir='ltr'><strong>et</strong></span> <span class='ocrx_word' id='word_1_57' title='bbox 690 1193 839 1263; x_wconf 82' lang='lat' dir='ltr'><strong>Naugerio:</strong></span> <span class='ocrx_word' id='word_1_58' title='bbox 871 1194 943 1266; x_wconf 89' lang='lat' dir='ltr'><strong>quod</strong></span> <span class='ocrx_word' id='word_1_59' title='bbox 956 1197 1049 1248; x_wconf 87' lang='lat' dir='ltr'><strong>iterum</strong></span> <span class='ocrx_word' id='word_1_60' title='bbox 1065 1197 1175 1251; x_wconf 86' lang='lat' dir='ltr'><strong>deseruit</strong></span> <span class='ocrx_word' id='word_1_61' title='bbox 1189 1200 1302 1252; x_wconf 75' lang='lat' dir='ltr'>Paullus</span> 
     </span>
     <span class='ocr_line' id='line_1_10' title="bbox 258 1277 1300 1349; baseline 0.002 -14"><span class='ocrx_word' id='word_1_62' title='bbox 258 1282 395 1335; x_wconf 74' lang='lat' dir='ltr'>Manutius</span> <span class='ocrx_word' id='word_1_63' title='bbox 415 1297 474 1330; x_wconf 87' lang='lat' dir='ltr'><strong>cum</strong></span> <span class='ocrx_word' id='word_1_64' title='bbox 497 1278 556 1330; x_wconf 89' lang='lat' dir='ltr'><strong>edd.</strong></span> <span class='ocrx_word' id='word_1_65' title='bbox 579 1280 648 1348; x_wconf 81' lang='lat' dir='ltr'><strong>sequ.</strong></span> <span class='ocrx_word' id='word_1_66' title='bbox 698 1279 774 1345; x_wconf 84' lang='lat' dir='ltr'><strong>Quae</strong></span> <span class='ocrx_word' id='word_1_67' title='bbox 796 1277 952 1349; x_wconf 70' lang='lat' dir='ltr'>ambiguitas</span> <span class='ocrx_word' id='word_1_68' title='bbox 974 1281 1000 1332; x_wconf 90' lang='lat' dir='ltr'><strong>in</strong></span> <span class='ocrx_word' id='word_1_69' title='bbox 1019 1282 1060 1334; x_wconf 79' lang='lat' dir='ltr'><strong>his</strong></span> <span class='ocrx_word' id='word_1_70' title='bbox 1082 1284 1234 1337; x_wconf 77' lang='lat' dir='ltr'>nominibus</span> <span class='ocrx_word' id='word_1_71' title='bbox 1254 1287 1300 1346; x_wconf 84' lang='lat' dir='ltr'><strong>lit,</strong></span> 
     </span>
     <span class='ocr_line' id='line_1_11' title="bbox 257 1361 1302 1439; baseline 0.003 -19"><span class='ocrx_word' id='word_1_72' title='bbox 257 1380 322 1420; x_wconf 81' lang='lat' dir='ltr'><strong>nota</strong></span> <span class='ocrx_word' id='word_1_73' title='bbox 337 1384 377 1417; x_wconf 84' lang='lat' dir='ltr'><strong>rer</strong></span> <span class='ocrx_word' id='word_1_74' title='bbox 390 1361 444 1416; x_wconf 83' lang='lat' dir='ltr'><strong>ell:</strong></span> <span class='ocrx_word' id='word_1_75' title='bbox 476 1380 498 1414; x_wconf 84' lang='lat' dir='ltr'><strong>v.</strong></span> <span class='ocrx_word' id='word_1_76' title='bbox 519 1363 581 1415; x_wconf 80' lang='lat' dir='ltr'><strong>Exc.</strong></span> <span class='ocrx_word' id='word_1_77' title='bbox 602 1363 635 1414; x_wconf 82' lang='lat' dir='ltr'><strong>ad</strong></span> <span class='ocrx_word' id='word_1_78' title='bbox 656 1362 712 1415; x_wconf 83' lang='lat' dir='ltr'><strong>Ecl.</strong></span> <span class='ocrx_word' id='word_1_79' title='bbox 727 1364 773 1415; x_wconf 91' lang='lat' dir='ltr'><strong>Vl.</strong></span> <span class='ocrx_word' id='word_1_80' title='bbox 823 1364 924 1415; x_wconf 87' lang='lat' dir='ltr'><strong>Varum</strong></span> <span class='ocrx_word' id='word_1_81' title='bbox 943 1365 1096 1420; x_wconf 78' lang='lat' dir='ltr'><strong>interviret</strong></span> <span class='ocrx_word' id='word_1_82' title='bbox 1119 1371 1249 1439; x_wconf 77' lang='lat' dir='ltr'><strong>principes</strong></span> <span class='ocrx_word' id='word_1_83' title='bbox 1271 1389 1302 1425; x_wconf 87' lang='lat' dir='ltr'><strong>er</strong></span> 
     </span>
     <span class='ocr_line' id='line_1_12' title="bbox 259 1445 1301 1524; baseline 0.002 -21"><span class='ocrx_word' id='word_1_84' title='bbox 259 1449 353 1503; x_wconf 83' lang='lat' dir='ltr'><strong>militia</strong></span> <span class='ocrx_word' id='word_1_85' title='bbox 379 1448 462 1500; x_wconf 82' lang='lat' dir='ltr'><strong>claros</strong></span> <span class='ocrx_word' id='word_1_86' title='bbox 489 1447 560 1510; x_wconf 81' lang='lat' dir='ltr'><strong>illius</strong></span> <span class='ocrx_word' id='word_1_87' title='bbox 589 1449 680 1499; x_wconf 73' lang='lat' dir='ltr'><strong>aetatis</strong></span> <span class='ocrx_word' id='word_1_88' title='bbox 706 1445 792 1506; x_wconf 77' lang='lat' dir='ltr'><strong>suillo,</strong></span> <span class='ocrx_word' id='word_1_89' title='bbox 833 1447 891 1501; x_wconf 81' lang='lat' dir='ltr'><strong>satir</strong></span> <span class='ocrx_word' id='word_1_90' title='bbox 915 1448 1030 1512; x_wconf 64' lang='lat' dir='ltr'><strong>coalitu</strong></span> <span class='ocrx_word' id='word_1_91' title='bbox 1065 1471 1098 1504; x_wconf 90' lang='lat' dir='ltr'><strong>an</strong></span> <span class='ocrx_word' id='word_1_92' title='bbox 1126 1455 1194 1505; x_wconf 82' lang='lat' dir='ltr'><strong>idern</strong></span> <span class='ocrx_word' id='word_1_93' title='bbox 1217 1473 1301 1524; x_wconf 79' lang='lat' dir='ltr'><strong>poeta</strong></span> 
     </span>
     <span class='ocr_line' id='line_1_13' title="bbox 257 1530 1302 1609; baseline -0.004 -21"><span class='ocrx_word' id='word_1_94' title='bbox 257 1533 349 1596; x_wconf 85' lang='lat' dir='ltr'><strong>suerit,</strong></span> <span class='ocrx_word' id='word_1_95' title='bbox 381 1552 436 1586; x_wconf 90' lang='lat' dir='ltr'><strong>non</strong></span> <span class='ocrx_word' id='word_1_96' title='bbox 456 1532 504 1585; x_wconf 83' lang='lat' dir='ltr'><strong>nifi</strong></span> <span class='ocrx_word' id='word_1_97' title='bbox 523 1553 554 1586; x_wconf 86' lang='lat' dir='ltr'><strong>ex</strong></span> <span class='ocrx_word' id='word_1_98' title='bbox 572 1532 625 1584; x_wconf 89' lang='lat' dir='ltr'><strong>hoc</strong></span> <span class='ocrx_word' id='word_1_99' title='bbox 647 1532 707 1584; x_wconf 92' lang='lat' dir='ltr'><strong>loco</strong></span> <span class='ocrx_word' id='word_1_100' title='bbox 727 1530 832 1584; x_wconf 78' lang='lat' dir='ltr'><strong>statuat.</strong></span> <span class='ocrx_word' id='word_1_101' title='bbox 867 1533 911 1585; x_wconf 88' lang='lat' dir='ltr'><strong>De</strong></span> <span class='ocrx_word' id='word_1_102' title='bbox 933 1550 1012 1606; x_wconf 84' lang='lat' dir='ltr'><strong>poeta</strong></span> <span class='ocrx_word' id='word_1_103' title='bbox 1032 1538 1103 1588; x_wconf 88' lang='lat' dir='ltr'><strong>enirn</strong></span> <span class='ocrx_word' id='word_1_104' title='bbox 1125 1540 1302 1609; x_wconf 71' lang='lat' dir='ltr'><strong>cogitandum</strong></span> 
     </span>
     <span class='ocr_line' id='line_1_14' title="bbox 257 1617 1300 1694; baseline -0.009 -19"><span class='ocrx_word' id='word_1_105' title='bbox 257 1618 322 1682; x_wconf 80' lang='lat' dir='ltr'><strong>else,</strong></span> <span class='ocrx_word' id='word_1_106' title='bbox 356 1618 434 1672; x_wconf 88' lang='lat' dir='ltr'><strong>docet</strong></span> <span class='ocrx_word' id='word_1_107' title='bbox 452 1619 607 1671; x_wconf 83' lang='lat' dir='ltr'><strong>memoratio</strong></span> <span class='ocrx_word' id='word_1_108' title='bbox 630 1617 740 1669; x_wconf 81' lang='lat' dir='ltr'><strong>Cinnae.</strong></span> <span class='ocrx_word' id='word_1_109' title='bbox 776 1617 882 1688; x_wconf 88' lang='lat' dir='ltr'><strong>ltaque,</strong></span> <span class='ocrx_word' id='word_1_110' title='bbox 915 1637 975 1671; x_wconf 92' lang='lat' dir='ltr'><strong>cum</strong></span> <span class='ocrx_word' id='word_1_111' title='bbox 998 1639 1125 1694; x_wconf 78' lang='lat' dir='ltr'><strong>perpetua</strong></span> <span class='ocrx_word' id='word_1_112' title='bbox 1146 1625 1178 1678; x_wconf 60' lang='lat' dir='ltr'><strong>fit</strong></span> <span class='ocrx_word' id='word_1_113' title='bbox 1197 1625 1300 1680; x_wconf 58' lang='lat' dir='ltr'><strong>horum</strong></span> 
     </span>
     <span class='ocr_line' id='line_1_15' title="bbox 257 1701 1299 1773; baseline -0.003 -13"><span class='ocrx_word' id='word_1_114' title='bbox 257 1707 396 1771; x_wconf 77' lang='lat' dir='ltr'><strong>nominum</strong></span> <span class='ocrx_word' id='word_1_115' title='bbox 424 1701 557 1764; x_wconf 83' lang='lat' dir='ltr'><strong>confusio,</strong></span> <span class='ocrx_word' id='word_1_116' title='bbox 596 1720 708 1773; x_wconf 86' lang='lat' dir='ltr'><strong>cumque</strong></span> <span class='ocrx_word' id='word_1_117' title='bbox 736 1717 833 1753; x_wconf 84' lang='lat' dir='ltr'><strong>veteres</strong></span> <span class='ocrx_word' id='word_1_118' title='bbox 858 1702 1031 1758; x_wconf 87' lang='lat' dir='ltr'><strong>Grammatici</strong></span> <span class='ocrx_word' id='word_1_119' title='bbox 1056 1709 1173 1760; x_wconf 77' lang='lat' dir='ltr'><strong>Varium</strong></span> <span class='ocrx_word' id='word_1_120' title='bbox 1202 1711 1246 1762; x_wconf 83' lang='lat' dir='ltr'><strong>hic</strong></span> <span class='ocrx_word' id='word_1_121' title='bbox 1269 1713 1299 1764; x_wconf 77' lang='lat' dir='ltr'><strong>in</strong></span> 
     </span>
     <span class='ocr_line' id='line_1_16' title="bbox 255 1786 1300 1861; baseline -0.006 -15"><span class='ocrx_word' id='word_1_122' title='bbox 255 1792 328 1846; x_wconf 77' lang='lat' dir='ltr'><strong>libris</strong></span> <span class='ocrx_word' id='word_1_123' title='bbox 349 1791 472 1860; x_wconf 68' lang='lat' dir='ltr'><strong>legerint,</strong></span> <span class='ocrx_word' id='word_1_124' title='bbox 498 1787 557 1861; x_wconf 87' lang='lat' dir='ltr'><strong>post</strong></span> <span class='ocrx_word' id='word_1_125' title='bbox 574 1790 678 1841; x_wconf 86' lang='lat' dir='ltr'><strong>Varum</strong></span> <span class='ocrx_word' id='word_1_126' title='bbox 697 1806 719 1838; x_wconf 83' lang='lat' dir='ltr'><strong>v.</strong></span> <span class='ocrx_word' id='word_1_127' title='bbox 737 1789 785 1848; x_wconf 84' lang='lat'><strong>26,</strong></span> <span class='ocrx_word' id='word_1_128' title='bbox 811 1786 885 1839; x_wconf 89' lang='lat' dir='ltr'><strong>illum</strong></span> <span class='ocrx_word' id='word_1_129' title='bbox 908 1789 1019 1842; x_wconf 79' lang='lat' dir='ltr'><strong>alterum</strong></span> <span class='ocrx_word' id='word_1_130' title='bbox 1043 1793 1173 1855; x_wconf 78' lang='lat' dir='ltr'><strong>Varium,</strong></span> <span class='ocrx_word' id='word_1_131' title='bbox 1209 1798 1235 1847; x_wconf 92' lang='lat' dir='ltr'><strong>in</strong></span> <span class='ocrx_word' id='word_1_132' title='bbox 1256 1797 1300 1849; x_wconf 88' lang='lat' dir='ltr'><strong>lo.</strong></span> 
     </span>
     <span class='ocr_line' id='line_1_17' title="bbox 257 1871 1300 1952; baseline -0.003 -20"><span class='ocrx_word' id='word_1_133' title='bbox 257 1898 319 1932; x_wconf 84' lang='lat' dir='ltr'><strong>curn</strong></span> <span class='ocrx_word' id='word_1_134' title='bbox 338 1876 412 1930; x_wconf 89' lang='lat' dir='ltr'><strong>suurn</strong></span> <span class='ocrx_word' id='word_1_135' title='bbox 434 1871 615 1926; x_wconf 84' lang='lat' dir='ltr'><strong>retrahendum</strong></span> <span class='ocrx_word' id='word_1_136' title='bbox 631 1871 681 1925; x_wconf 83' lang='lat' dir='ltr'><strong>elle</strong></span> <span class='ocrx_word' id='word_1_137' title='bbox 698 1871 863 1925; x_wconf 86' lang='lat' dir='ltr'><strong>manisellum</strong></span> <span class='ocrx_word' id='word_1_138' title='bbox 883 1873 920 1928; x_wconf 81' lang='lat' dir='ltr'><strong>fit.</strong></span> <span class='ocrx_word' id='word_1_139' title='bbox 959 1878 1061 1947; x_wconf 78' lang='lat' dir='ltr'><strong>Cignu,</strong></span> <span class='ocrx_word' id='word_1_140' title='bbox 1084 1881 1191 1949; x_wconf 75' lang='lat' dir='ltr'><strong>Cygno.</strong></span> <span class='ocrx_word' id='word_1_141' title='bbox 1216 1883 1300 1952; x_wconf 78' lang='lat' dir='ltr'><strong>Cyna</strong></span> 
     </span>
     <span class='ocr_line' id='line_1_18' title="bbox 257 1958 1297 2036; baseline -0.011 -18"><span class='ocrx_word' id='word_1_142' title='bbox 257 1965 286 2018; x_wconf 89' lang='lat' dir='ltr'><strong>in</strong></span> <span class='ocrx_word' id='word_1_143' title='bbox 304 1963 374 2015; x_wconf 77' lang='lat' dir='ltr'><strong>libris</strong></span> <span class='ocrx_word' id='word_1_144' title='bbox 394 1958 537 2012; x_wconf 86' lang='lat' dir='ltr'><strong>nonnullia.</strong></span> <span class='ocrx_word' id='word_1_145' title='bbox 573 1978 663 2029; x_wconf 81' lang='lat' dir='ltr'><strong>neque</strong></span> <span class='ocrx_word' id='word_1_146' title='bbox 683 1958 779 2012; x_wconf 84' lang='lat' dir='ltr'><strong>dicere</strong></span> <span class='ocrx_word' id='word_1_147' title='bbox 798 1959 894 2011; x_wconf 88' lang='lat' dir='ltr'><strong>Moret.</strong></span> <span class='ocrx_word' id='word_1_148' title='bbox 964 1962 998 2015; x_wconf 78' lang='lat'><strong>56</strong></span> <span class='ocrx_word' id='word_1_149' title='bbox 1014 1971 1089 2013; x_wconf 81' lang='lat' dir='ltr'><strong>inter</strong></span> <span class='ocrx_word' id='word_1_150' title='bbox 1099 1963 1212 2036; x_wconf 62' lang='lat' dir='ltr'><strong>strepet</strong></span> <span class='ocrx_word' id='word_1_151' title='bbox 1226 1969 1297 2020; x_wconf 59' lang='lat' dir='ltr'><strong>ten,</strong></span> 
     </span>
     <span class='ocr_line' id='line_1_19' title="bbox 256 2041 1295 2116; baseline -0.001 -15"><span class='ocrx_word' id='word_1_152' title='bbox 256 2048 364 2102; x_wconf 86' lang='lat' dir='ltr'><strong>Wakel.</strong></span> <span class='ocrx_word' id='word_1_153' title='bbox 381 2046 414 2098; x_wconf 85' lang='lat' dir='ltr'><strong>ad</strong></span> <span class='ocrx_word' id='word_1_154' title='bbox 430 2047 531 2096; x_wconf 82' lang='lat' dir='ltr'><strong>Lucret.</strong></span> <span class='ocrx_word' id='word_1_155' title='bbox 547 2045 578 2105; x_wconf 83' lang='lat' dir='ltr'><strong>ll,</strong></span> <span class='ocrx_word' id='word_1_156' title='bbox 595 2052 645 2110; x_wconf 73' lang='lat'><strong>4¹⁰</strong></span> <span class='ocrx_word' id='word_1_157' title='bbox 669 2061 775 2116; x_wconf 83' lang='lat' dir='ltr'><strong>poetam</strong></span> <span class='ocrx_word' id='word_1_158' title='bbox 797 2041 918 2115; x_wconf 82' lang='lat' dir='ltr'><strong>scripsisse</strong></span> <span class='ocrx_word' id='word_1_159' title='bbox 937 2062 1054 2115; x_wconf 75' lang='lat' dir='ltr'><strong>argutus</strong></span> <span class='ocrx_word' id='word_1_160' title='bbox 1073 2050 1173 2114; x_wconf 90' lang='lat' dir='ltr'><strong>censet,</strong></span> <span class='ocrx_word' id='word_1_161' title='bbox 1193 2068 1220 2105; x_wconf 84' lang='lat' dir='ltr'><strong>vt</strong></span> <span class='ocrx_word' id='word_1_162' title='bbox 1242 2052 1295 2106; x_wconf 83' lang='lat' dir='ltr'><strong>Ge.</strong></span> 
     </span>
     <span class='ocr_line' id='line_1_20' title="bbox 256 2129 1042 2201; baseline -0.006 -15"><span class='ocrx_word' id='word_1_163' title='bbox 256 2133 278 2195; x_wconf 86' lang='lat' dir='ltr'><strong>I,</strong></span> <span class='ocrx_word' id='word_1_164' title='bbox 296 2133 344 2199; x_wconf 73' lang='lat'><strong>143</strong></span> <span class='ocrx_word' id='word_1_165' title='bbox 369 2145 472 2201; x_wconf 80' lang='lat' dir='ltr'><strong>arguta</strong></span> <span class='ocrx_word' id='word_1_166' title='bbox 483 2129 568 2200; x_wconf 82' lang='lat' dir='ltr'><strong>serra</strong></span> <span class='ocrx_word' id='word_1_167' title='bbox 584 2143 610 2183; x_wconf 86' lang='lat' dir='ltr'><strong>et</strong></span> <span class='ocrx_word' id='word_1_168' title='bbox 632 2144 746 2200; x_wconf 79' lang='lat' dir='ltr'><strong>argutus</strong></span> <span class='ocrx_word' id='word_1_169' title='bbox 767 2129 849 2200; x_wconf 81' lang='lat' dir='ltr'><strong>unser</strong></span> <span class='ocrx_word' id='word_1_170' title='bbox 867 2147 910 2200; x_wconf 87' lang='lat' dir='ltr'><strong>ap.</strong></span> <span class='ocrx_word' id='word_1_171' title='bbox 928 2131 1042 2185; x_wconf 83' lang='lat' dir='ltr'><strong>Martial.</strong></span> 
     </span>
    </p>
   </div>
   <div class='ocr_carea' id='block_1_6' title="bbox 221 2267 1298 4284">
    <p class='ocr_par' dir='ltr' id='par_1_6' title="bbox 221 2267 1298 3475">
     <span class='ocr_line' id='line_1_21' title="bbox 256 2267 1298 2355; baseline 0.005 -25"><span class='ocrx_word' id='word_1_172' title='bbox 256 2271 362 2355; x_wconf 79' lang='lat' dir='ltr'><strong>gilium</strong></span> <span class='ocrx_word' id='word_1_173' title='bbox 379 2290 396 2328; x_wconf 85' lang='lat' dir='ltr'><strong>a</strong></span> <span class='ocrx_word' id='word_1_174' title='bbox 411 2269 506 2329; x_wconf 87' lang='lat' dir='ltr'><strong>Gallis</strong></span> <span class='ocrx_word' id='word_1_175' title='bbox 521 2267 577 2327; x_wconf 86' lang='lat' dir='ltr'><strong>suis</strong></span> <span class='ocrx_word' id='word_1_176' title='bbox 590 2269 751 2349; x_wconf 90' lang='lat' dir='ltr'><strong>Cisalpinis</strong></span> <span class='ocrx_word' id='word_1_177' title='bbox 793 2269 869 2328; x_wconf 89' lang='lat' dir='ltr'><strong>lium</strong></span> <span class='ocrx_word' id='word_1_178' title='bbox 884 2270 1016 2330; x_wconf 82' lang='lat' dir='ltr'><strong>Cinnam</strong></span> <span class='ocrx_word' id='word_1_179' title='bbox 1037 2293 1184 2355; x_wconf 86' lang='lat' dir='ltr'><strong>magnum</strong></span> <span class='ocrx_word' id='word_1_180' title='bbox 1201 2276 1298 2335; x_wconf 90' lang='lat' dir='ltr'><strong>Pom-</strong></span> 
     </span>
     <span class='ocr_line' id='line_1_22' title="bbox 255 2369 1295 2456; baseline 0.006 -24"><span class='ocrx_word' id='word_1_181' title='bbox 255 2369 392 2456; x_wconf 79' lang='lat' dir='ltr'><strong>petiille3</strong></span> <span class='ocrx_word' id='word_1_182' title='bbox 414 2373 472 2430; x_wconf 86' lang='lat' dir='ltr'><strong>suit</strong></span> <span class='ocrx_word' id='word_1_183' title='bbox 488 2375 570 2430; x_wconf 90' lang='lat' dir='ltr'><strong>enim</strong></span> <span class='ocrx_word' id='word_1_184' title='bbox 585 2373 667 2429; x_wconf 89' lang='lat' dir='ltr'><strong>inter</strong></span> <span class='ocrx_word' id='word_1_185' title='bbox 682 2372 752 2429; x_wconf 85' lang='lat' dir='ltr'><strong>Cel·</strong></span> <span class='ocrx_word' id='word_1_186' title='bbox 793 2376 857 2451; x_wconf 90' lang='lat' dir='ltr'><strong>peii</strong></span> <span class='ocrx_word' id='word_1_187' title='bbox 881 2372 997 2433; x_wconf 84' lang='lat' dir='ltr'><strong>exsilia</strong></span> <span class='ocrx_word' id='word_1_188' title='bbox 1017 2390 1166 2454; x_wconf 82' lang='lat' dir='ltr'><strong>nepotem</strong></span> <span class='ocrx_word' id='word_1_189' title='bbox 1186 2378 1295 2438; x_wconf 81' lang='lat' dir='ltr'><strong>refert.</strong></span> 
     </span>
     <span class='ocr_line' id='line_1_23' title="bbox 255 2471 1292 2559; baseline 0.004 -24"><span class='ocrx_word' id='word_1_190' title='bbox 255 2490 301 2535; x_wconf 83' lang='lat' dir='ltr'><strong>tas</strong></span> <span class='ocrx_word' id='word_1_191' title='bbox 313 2477 425 2533; x_wconf 86' lang='lat' dir='ltr'><strong>Vatum</strong></span> <span class='ocrx_word' id='word_1_192' title='bbox 442 2473 491 2533; x_wconf 88' lang='lat' dir='ltr'><strong>seu</strong></span> <span class='ocrx_word' id='word_1_193' title='bbox 503 2471 665 2543; x_wconf 88' lang='lat' dir='ltr'><strong>Eubatum,</strong></span> <span class='ocrx_word' id='word_1_194' title='bbox 689 2472 751 2530; x_wconf 89' lang='lat' dir='ltr'><strong>Eu·</strong></span> <span class='ocrx_word' id='word_1_195' title='bbox 793 2473 904 2533; x_wconf 87' lang='lat' dir='ltr'><strong>Poetas</strong></span> <span class='ocrx_word' id='word_1_196' title='bbox 921 2472 979 2535; x_wconf 86' lang='lat' dir='ltr'><strong>else</strong></span> <span class='ocrx_word' id='word_1_197' title='bbox 995 2474 1044 2536; x_wconf 91' lang='lat' dir='ltr'><strong>hic</strong></span> <span class='ocrx_word' id='word_1_198' title='bbox 1061 2477 1292 2559; x_wconf 80' lang='lat' dir='ltr'><strong>intelligendos,</strong></span> 
     </span>
     <span class='ocr_line' id='line_1_24' title="bbox 221 2572 1294 2661; baseline 0.002 -25"><span class='ocrx_word' id='word_1_199' title='bbox 221 2576 224 2580; x_wconf 67' lang='grc'>’</span> <span class='ocrx_word' id='word_1_200' title='bbox 256 2572 385 2659; x_wconf 77' lang='lat' dir='ltr'><strong>lingum,</strong></span> <span class='ocrx_word' id='word_1_201' title='bbox 408 2575 497 2644; x_wconf 89' lang='lat' dir='ltr'><strong>ordo,</strong></span> <span class='ocrx_word' id='word_1_202' title='bbox 525 2573 640 2634; x_wconf 84' lang='lat' dir='ltr'><strong>Bardos</strong></span> <span class='ocrx_word' id='word_1_203' title='bbox 657 2577 750 2632; x_wconf 90' lang='lat' dir='ltr'><strong>etiam</strong></span> <span class='ocrx_word' id='word_1_204' title='bbox 793 2575 893 2636; x_wconf 86' lang='lat' dir='ltr'><strong>versus</strong></span> <span class='ocrx_word' id='word_1_205' title='bbox 911 2575 1038 2658; x_wconf 86' lang='lat' dir='ltr'><strong>sequens</strong></span> <span class='ocrx_word' id='word_1_206' title='bbox 1056 2584 1174 2661; x_wconf 82' lang='lat' dir='ltr'><strong>arguit:</strong></span> <span class='ocrx_word' id='word_1_207' title='bbox 1202 2583 1294 2639; x_wconf 82' lang='lat' dir='ltr'><strong>inter</strong></span> 
     </span>
     <span class='ocr_line' id='line_1_25' title="bbox 256 2675 1294 2762; baseline -0.008 -22"><span class='ocrx_word' id='word_1_208' title='bbox 256 2679 404 2762; x_wconf 78' lang='lat' dir='ltr'><strong>dignitate</strong></span> <span class='ocrx_word' id='word_1_209' title='bbox 434 2677 630 2739; x_wconf 79' lang='lat' dir='ltr'><strong>antecellens.</strong></span> <span class='ocrx_word' id='word_1_210' title='bbox 667 2675 749 2736; x_wconf 84' lang='lat' dir='ltr'><strong>conf.</strong></span> <span class='ocrx_word' id='word_1_211' title='bbox 795 2677 908 2740; x_wconf 86' lang='lat' dir='ltr'><strong>olores.</strong></span> <span class='ocrx_word' id='word_1_212' title='bbox 972 2681 1024 2742; x_wconf 77' lang='grc'><strong>36.</strong></span> <span class='ocrx_word' id='word_1_213' title='bbox 1055 2683 1216 2758; x_wconf 69' lang='lat' dir='ltr'><strong>Anserem</strong></span> <span class='ocrx_word' id='word_1_214' title='bbox 1237 2685 1294 2743; x_wconf 66' lang='lat' dir='ltr'><strong>ali.</strong></span> 
     </span>
     <span class='ocr_line' id='line_1_26' title="bbox 255 2779 1291 2864; baseline 0.001 -22"><span class='ocrx_word' id='word_1_215' title='bbox 255 2780 353 2847; x_wconf 82' lang='lat' dir='ltr'><strong>Strab,</strong></span> <span class='ocrx_word' id='word_1_216' title='bbox 375 2781 419 2840; x_wconf 85' lang='lat' dir='ltr'><strong>IV</strong></span> <span class='ocrx_word' id='word_1_217' title='bbox 424 2824 434 2854; x_wconf 89' lang='lat'><strong><em>,</em></strong></span> <span class='ocrx_word' id='word_1_218' title='bbox 464 2800 535 2863; x_wconf 85' lang='lat' dir='ltr'><strong>pag.</strong></span> <span class='ocrx_word' id='word_1_219' title='bbox 556 2782 628 2842; x_wconf 82' lang='lat'><strong>302.</strong></span> <span class='ocrx_word' id='word_1_220' title='bbox 678 2779 751 2837; x_wconf 80' lang='lat' dir='ltr'><strong>Am-</strong></span> <span class='ocrx_word' id='word_1_221' title='bbox 793 2799 887 2859; x_wconf 89' lang='lat' dir='ltr'><strong>quem</strong></span> <span class='ocrx_word' id='word_1_222' title='bbox 904 2784 967 2840; x_wconf 84' lang='lat' dir='ltr'><strong>eins</strong></span> <span class='ocrx_word' id='word_1_223' title='bbox 984 2789 1130 2863; x_wconf 85' lang='lat' dir='ltr'><strong>temporis</strong></span> <span class='ocrx_word' id='word_1_224' title='bbox 1152 2800 1291 2864; x_wconf 87' lang='lat' dir='ltr'><strong>poetam,</strong></span> 
     </span>
     <span class='ocr_line' id='line_1_27' title="bbox 252 2878 1291 2965; baseline 0.005 -21"><span class='ocrx_word' id='word_1_225' title='bbox 252 2890 346 2945; x_wconf 88' lang='lat' dir='ltr'><strong>mian.</strong></span> <span class='ocrx_word' id='word_1_226' title='bbox 358 2883 419 2942; x_wconf 82' lang='lat' dir='ltr'><strong>XV</strong></span> <span class='ocrx_word' id='word_1_227' title='bbox 431 2883 453 2944; x_wconf 81' lang='lat' dir='ltr'><strong>s.</strong></span> <span class='ocrx_word' id='word_1_228' title='bbox 495 2884 662 2942; x_wconf 85' lang='lat' dir='ltr'><strong>Enimuero</strong></span> <span class='ocrx_word' id='word_1_229' title='bbox 677 2901 752 2940; x_wconf 91' lang='lat' dir='ltr'><strong>con·</strong></span> <span class='ocrx_word' id='word_1_230' title='bbox 793 2878 832 2938; x_wconf 90' lang='lat' dir='ltr'><strong>de</strong></span> <span class='ocrx_word' id='word_1_231' title='bbox 855 2900 917 2960; x_wconf 91' lang='lat' dir='ltr'><strong>quo</strong></span> <span class='ocrx_word' id='word_1_232' title='bbox 933 2882 1027 2942; x_wconf 92' lang='lat' dir='ltr'><strong>Ouid.</strong></span> <span class='ocrx_word' id='word_1_233' title='bbox 1042 2883 1131 2944; x_wconf 67' lang='lat' dir='ltr'><strong>Trist„</strong></span> <span class='ocrx_word' id='word_1_234' title='bbox 1151 2887 1192 2959; x_wconf 87' lang='grc' dir='ltr'><strong>ΙΙ,</strong></span> <span class='ocrx_word' id='word_1_235' title='bbox 1215 2889 1291 2965; x_wconf 78' lang='lat'><strong>435.</strong></span> 
     </span>
     <span class='ocr_line' id='line_1_28' title="bbox 257 2982 1289 3069; baseline -0.004 -22"><span class='ocrx_word' id='word_1_236' title='bbox 257 2989 331 3048; x_wconf 87' lang='lat' dir='ltr'><strong>cidit</strong></span> <span class='ocrx_word' id='word_1_237' title='bbox 358 2990 458 3047; x_wconf 86' lang='lat' dir='ltr'><strong>omnis</strong></span> <span class='ocrx_word' id='word_1_238' title='bbox 484 2984 561 3069; x_wconf 87' lang='lat' dir='ltr'><strong>haec</strong></span> <span class='ocrx_word' id='word_1_239' title='bbox 593 2984 749 3058; x_wconf 77' lang='lat' dir='ltr'><strong>subtilitas,</strong></span> <span class='ocrx_word' id='word_1_240' title='bbox 792 2982 932 3063; x_wconf 87' lang='lat' dir='ltr'><strong>Propert.</strong></span> <span class='ocrx_word' id='word_1_241' title='bbox 943 2983 983 3055; x_wconf 88' lang='lat'><strong>11,</strong></span> <span class='ocrx_word' id='word_1_242' title='bbox 992 2987 1044 3061; x_wconf 78' lang='grc'><strong>54,</strong></span> <span class='ocrx_word' id='word_1_243' title='bbox 1058 2988 1107 3063; x_wconf 70' lang='lat'><strong>84.</strong></span> <span class='ocrx_word' id='word_1_244' title='bbox 1122 2986 1162 3060; x_wconf 87' lang='grc' dir='ltr'><strong>ΙΙ,</strong></span> <span class='ocrx_word' id='word_1_245' title='bbox 1175 2990 1225 3058; x_wconf 82' lang='lat'><strong>25,</strong></span> <span class='ocrx_word' id='word_1_246' title='bbox 1236 2992 1289 3062; x_wconf 78' lang='lat'><strong>83,</strong></span> 
     </span>
     <span class='ocr_line' id='line_1_29' title="bbox 254 3084 1289 3172; baseline -0.001 -20"><span class='ocrx_word' id='word_1_247' title='bbox 254 3090 489 3161; x_wconf 87' lang='lat' dir='ltr'><strong>srmemineris,</strong></span> <span class='ocrx_word' id='word_1_248' title='bbox 523 3088 686 3172; x_wconf 80' lang='lat' dir='ltr'><strong>Virgilium</strong></span> <span class='ocrx_word' id='word_1_249' title='bbox 706 3087 750 3147; x_wconf 89' lang='lat' dir='ltr'><strong>la·</strong></span> <span class='ocrx_word' id='word_1_250' title='bbox 792 3084 877 3144; x_wconf 88' lang='lat' dir='ltr'><strong>etad</strong></span> <span class='ocrx_word' id='word_1_251' title='bbox 892 3106 983 3167; x_wconf 84' lang='lat' dir='ltr'><strong>quem</strong></span> <span class='ocrx_word' id='word_1_252' title='bbox 1001 3088 1064 3145; x_wconf 87' lang='lat' dir='ltr'><strong>Cic.</strong></span> <span class='ocrx_word' id='word_1_253' title='bbox 1080 3085 1157 3147; x_wconf 90' lang='lat' dir='ltr'><strong>Plril.</strong></span> <span class='ocrx_word' id='word_1_254' title='bbox 1173 3090 1289 3162; x_wconf 81' lang='lat' dir='ltr'>xffl,5</span> 
     </span>
     <span class='ocr_line' id='line_1_30' title="bbox 254 3185 1288 3267; baseline -0.002 -12"><span class='ocrx_word' id='word_1_255' title='bbox 254 3200 320 3255; x_wconf 87' lang='lat' dir='ltr'><strong>tine</strong></span> <span class='ocrx_word' id='word_1_256' title='bbox 334 3185 496 3253; x_wconf 79' lang='lat' dir='ltr'><strong>reddidisse</strong></span> <span class='ocrx_word' id='word_1_257' title='bbox 505 3187 700 3263; x_wconf 88' lang='lat' dir='ltr'><strong>Theocritea,</strong></span> <span class='ocrx_word' id='word_1_258' title='bbox 716 3195 750 3251; x_wconf 89' lang='lat' dir='ltr'><strong>in</strong></span> <span class='ocrx_word' id='word_1_259' title='bbox 790 3186 940 3267; x_wconf 85' lang='lat' dir='ltr'><strong>respicere</strong></span> <span class='ocrx_word' id='word_1_260' title='bbox 955 3204 1097 3266; x_wconf 88' lang='lat' dir='ltr'><strong>putatur,</strong></span> <span class='ocrx_word' id='word_1_261' title='bbox 1132 3189 1182 3252; x_wconf 92' lang='lat' dir='ltr'><strong>hic</strong></span> <span class='ocrx_word' id='word_1_262' title='bbox 1195 3197 1288 3253; x_wconf 87' lang='lat' dir='ltr'><strong>tacite</strong></span> 
     </span>
     <span class='ocr_line' id='line_1_31' title="bbox 254 3288 1289 3378; baseline 0 -24"><span class='ocrx_word' id='word_1_263' title='bbox 254 3295 365 3378; x_wconf 87' lang='lat' dir='ltr'><strong>quibus</strong></span> <span class='ocrx_word' id='word_1_264' title='bbox 381 3289 473 3364; x_wconf 68' lang='lat' dir='ltr'><strong>detdic</strong></span> <span class='ocrx_word' id='word_1_265' title='bbox 488 3291 547 3366; x_wconf 82' lang='lat' dir='ltr'><strong>est,</strong></span> <span class='ocrx_word' id='word_1_266' title='bbox 575 3314 634 3354; x_wconf 88' lang='lat' dir='ltr'><strong>nec</strong></span> <span class='ocrx_word' id='word_1_267' title='bbox 650 3295 750 3354; x_wconf 89' lang='lat' dir='ltr'><strong>diuer.</strong></span> <span class='ocrx_word' id='word_1_268' title='bbox 790 3289 935 3362; x_wconf 85' lang='lat' dir='ltr'><strong>vellicari,</strong></span> <span class='ocrx_word' id='word_1_269' title='bbox 953 3288 1191 3354; x_wconf 81' lang='lat' dir='ltr'><strong>docetSemius.</strong></span> <span class='ocrx_word' id='word_1_270' title='bbox 1225 3295 1289 3354; x_wconf 90' lang='lat' dir='ltr'><strong>Sed</strong></span> 
     </span>
     <span class='ocr_line' id='line_1_32' title="bbox 254 3390 1289 3475; baseline 0 -20"><span class='ocrx_word' id='word_1_271' title='bbox 254 3395 318 3455; x_wconf 90' lang='lat' dir='ltr'><strong>sum</strong></span> <span class='ocrx_word' id='word_1_272' title='bbox 333 3394 392 3456; x_wconf 87' lang='lat' dir='ltr'><strong>else</strong></span> <span class='ocrx_word' id='word_1_273' title='bbox 410 3411 510 3456; x_wconf 88' lang='lat' dir='ltr'><strong>vatem</strong></span> <span class='ocrx_word' id='word_1_274' title='bbox 529 3408 664 3475; x_wconf 88' lang='lat' dir='ltr'><strong>apoeta.</strong></span> <span class='ocrx_word' id='word_1_275' title='bbox 790 3390 927 3451; x_wconf 84' lang='lat' dir='ltr'><strong>anserem</strong></span> <span class='ocrx_word' id='word_1_276' title='bbox 948 3413 985 3451; x_wconf 80' lang='lat' dir='ltr'><strong>ex</strong></span> <span class='ocrx_word' id='word_1_277' title='bbox 1006 3391 1148 3473; x_wconf 82' lang='lat' dir='ltr'><strong>opposito</strong></span> <span class='ocrx_word' id='word_1_278' title='bbox 1164 3395 1289 3455; x_wconf 88' lang='lat' dir='ltr'><strong>olorum</strong></span> 
     </span>
    </p>

    <p class='ocr_par' dir='ltr' id='par_1_7' title="bbox 245 3490 1288 4284">
     <span class='ocr_line' id='line_1_33' title="bbox 296 3490 1287 3577; baseline -0.002 -18"><span class='ocrx_word' id='word_1_279' title='bbox 296 3501 347 3559; x_wconf 79' lang='lat'><strong>35.</strong></span> <span class='ocrx_word' id='word_1_280' title='bbox 380 3499 502 3557; x_wconf 82' lang='lat' dir='ltr'><strong>Varius</strong></span> <span class='ocrx_word' id='word_1_281' title='bbox 529 3495 641 3557; x_wconf 86' lang='lat' dir='ltr'><strong>nobilis</strong></span> <span class='ocrx_word' id='word_1_282' title='bbox 669 3496 748 3575; x_wconf 76' lang='lat' dir='ltr'><strong>Tay·</strong></span> <span class='ocrx_word' id='word_1_283' title='bbox 789 3509 895 3552; x_wconf 87' lang='lat' dir='ltr'><strong>natum</strong></span> <span class='ocrx_word' id='word_1_284' title='bbox 936 3490 997 3553; x_wconf 85' lang='lat' dir='ltr'><strong>elle</strong></span> <span class='ocrx_word' id='word_1_285' title='bbox 1037 3508 1068 3553; x_wconf 87' lang='lat' dir='ltr'><strong>et</strong></span> <span class='ocrx_word' id='word_1_286' title='bbox 1115 3494 1287 3577; x_wconf 85' lang='lat' dir='ltr'><strong>exprellill&#39;e</strong></span> 
     </span>
     <span class='ocr_line' id='line_1_34' title="bbox 255 3593 1288 3677; baseline 0 -19"><span class='ocrx_word' id='word_1_287' title='bbox 255 3595 341 3677; x_wconf 81' lang='lat' dir='ltr'><strong>estoe</strong></span> <span class='ocrx_word' id='word_1_288' title='bbox 370 3616 477 3660; x_wconf 89' lang='lat' dir='ltr'><strong>auctor</strong></span> <span class='ocrx_word' id='word_1_289' title='bbox 504 3620 532 3658; x_wconf 89' lang='lat' dir='ltr'><strong>v.</strong></span> <span class='ocrx_word' id='word_1_290' title='bbox 565 3598 605 3659; x_wconf 87' lang='lat' dir='ltr'><strong>ad</strong></span> <span class='ocrx_word' id='word_1_291' title='bbox 629 3599 749 3657; x_wconf 91' lang='lat' dir='ltr'><strong>Donati</strong></span> <span class='ocrx_word' id='word_1_292' title='bbox 790 3593 926 3654; x_wconf 87' lang='lat' dir='ltr'><strong>nostrum</strong></span> <span class='ocrx_word' id='word_1_293' title='bbox 941 3594 1142 3668; x_wconf 86' lang='lat' dir='ltr'><strong>Theocrirea,</strong></span> <span class='ocrx_word' id='word_1_294' title='bbox 1172 3598 1288 3677; x_wconf 85' lang='lat' dir='ltr'><strong>proba·</strong></span> 
     </span>
     <span class='ocr_line' id='line_1_35' title="bbox 255 3693 1287 3784; baseline 0 -24"><span class='ocrx_word' id='word_1_295' title='bbox 255 3703 318 3761; x_wconf 87' lang='lat' dir='ltr'><strong>Vit.</strong></span> <span class='ocrx_word' id='word_1_296' title='bbox 349 3702 434 3784; x_wconf 83' lang='lat' dir='ltr'><strong>Virg.</strong></span> <span class='ocrx_word' id='word_1_297' title='bbox 467 3706 493 3779; x_wconf 71' lang='grc' dir='ltr'><strong>ς,</strong></span> <span class='ocrx_word' id='word_1_298' title='bbox 526 3705 576 3765; x_wconf 81' lang='grc'><strong>55.</strong></span> <span class='ocrx_word' id='word_1_299' title='bbox 642 3700 748 3757; x_wconf 81' lang='lat' dir='ltr'><strong>Cinna</strong></span> <span class='ocrx_word' id='word_1_300' title='bbox 791 3693 1168 3779; x_wconf 76' lang='lat' dir='ltr'><strong>bnefitldylt.v11,47</strong></span> <span class='ocrx_word' id='word_1_301' title='bbox 1201 3701 1287 3760; x_wconf 89' lang='lat' dir='ltr'><strong>Odio</strong></span> 
     </span>
     <span class='ocr_line' id='line_1_36' title="bbox 253 3797 1288 3890; baseline -0.004 -25"><span class='ocrx_word' id='word_1_302' title='bbox 253 3808 415 3890; x_wconf 84' lang='lat' dir='ltr'><strong>Smyrnam</strong></span> <span class='ocrx_word' id='word_1_303' title='bbox 428 3803 590 3885; x_wconf 87' lang='lat' dir='ltr'><strong>scripserat,</strong></span> <span class='ocrx_word' id='word_1_304' title='bbox 613 3822 746 3875; x_wconf 88' lang='lat' dir='ltr'><strong>carmen,</strong></span> <span class='ocrx_word' id='word_1_305' title='bbox 790 3797 865 3857; x_wconf 88' lang='lat' dir='ltr'><strong>mihi</strong></span> <span class='ocrx_word' id='word_1_306' title='bbox 892 3797 961 3857; x_wconf 90' lang='lat' dir='ltr'><strong>sunt</strong></span> <span class='ocrx_word' id='word_1_307' title='bbox 996 3799 1152 3858; x_wconf 87' lang='lat' dir='ltr'><strong>Musarum</strong></span> <span class='ocrx_word' id='word_1_308' title='bbox 1188 3802 1288 3874; x_wconf 86' lang='lat' dir='ltr'><strong>alites,</strong></span> 
     </span>
     <span class='ocr_line' id='line_1_37' title="bbox 252 3892 1288 3995; baseline -0.008 -24"><span class='ocrx_word' id='word_1_309' title='bbox 252 3910 339 3995; x_wconf 88' lang='lat' dir='ltr'><strong>quod</strong></span> <span class='ocrx_word' id='word_1_310' title='bbox 359 3909 465 3969; x_wconf 84' lang='lat' dir='ltr'><strong>decem</strong></span> <span class='ocrx_word' id='word_1_311' title='bbox 488 3911 574 3967; x_wconf 82' lang='lat' dir='ltr'><strong>annis</strong></span> <span class='ocrx_word' id='word_1_312' title='bbox 602 3904 747 3964; x_wconf 87' lang='lat' dir='ltr'><strong>elimaue·</strong></span> <span class='ocrx_word' id='word_1_313' title='bbox 789 3899 904 3967; x_wconf 72' lang='grc' dir='ltr'><strong>Μωσόἶν</strong></span> <span class='ocrx_word' id='word_1_314' title='bbox 920 3892 1040 3985; x_wconf 62' lang='grc' dir='ltr'><strong>’ὄρνιχα</strong></span> <span class='ocrx_word' id='word_1_315' title='bbox 1058 3903 1101 3978; x_wconf 87' lang='lat' dir='ltr'><strong>(vt</strong></span> <span class='ocrx_word' id='word_1_316' title='bbox 1114 3923 1163 3983; x_wconf 87' lang='lat' dir='ltr'><strong>ap.</strong></span> <span class='ocrx_word' id='word_1_317' title='bbox 1175 3904 1288 3963; x_wconf 87' lang='lat' dir='ltr'><strong>Horat.</strong></span> 
     </span>
     <span class='ocr_line' id='line_1_38' title="bbox 245 4005 1288 4090; baseline -0.01 -16"><span class='ocrx_word' id='word_1_318' title='bbox 245 4029 309 4090; x_wconf 70' lang='lat' dir='ltr'><strong>rat,</strong></span> <span class='ocrx_word' id='word_1_319' title='bbox 338 4033 366 4070; x_wconf 87' lang='lat' dir='ltr'><strong>v.</strong></span> <span class='ocrx_word' id='word_1_320' title='bbox 391 4010 502 4070; x_wconf 84' lang='lat' dir='ltr'><strong>Catull.</strong></span> <span class='ocrx_word' id='word_1_321' title='bbox 525 4013 576 4088; x_wconf 87' lang='lat'><strong>89.</strong></span> <span class='ocrx_word' id='word_1_322' title='bbox 606 4007 643 4066; x_wconf 80' lang='lat' dir='ltr'><strong>cl.</strong></span> <span class='ocrx_word' id='word_1_323' title='bbox 665 4009 748 4065; x_wconf 91' lang='lat' dir='ltr'><strong>Mar·</strong></span> <span class='ocrx_word' id='word_1_324' title='bbox 788 4006 939 4063; x_wconf 83' lang='lat' dir='ltr'><strong>Maeonii</strong></span> <span class='ocrx_word' id='word_1_325' title='bbox 956 4006 1113 4063; x_wconf 77' lang='lat' dir='ltr'><strong>carminis</strong></span> <span class='ocrx_word' id='word_1_326' title='bbox 1131 4005 1210 4063; x_wconf 79' lang='lat' dir='ltr'><strong>aliti</strong></span> <span class='ocrx_word' id='word_1_327' title='bbox 1223 4006 1288 4066; x_wconf 87' lang='lat' dir='ltr'><strong>Va·</strong></span> 
     </span>
     <span class='ocr_line' id='line_1_39' title="bbox 255 4109 1288 4190; baseline -0.009 -12"><span class='ocrx_word' id='word_1_328' title='bbox 255 4119 315 4182; x_wconf 83' lang='lat' dir='ltr'><strong>tial,</strong></span> <span class='ocrx_word' id='word_1_329' title='bbox 332 4118 379 4189; x_wconf 81' lang='lat' dir='ltr'><strong>X,</strong></span> <span class='ocrx_word' id='word_1_330' title='bbox 401 4135 451 4175; x_wconf 84' lang='lat'><strong>21.</strong></span> <span class='ocrx_word' id='word_1_331' title='bbox 493 4113 618 4172; x_wconf 83' lang='lat' dir='ltr'><strong>Ruaetn</strong></span> <span class='ocrx_word' id='word_1_332' title='bbox 637 4129 747 4190; x_wconf 85' lang='lat' dir='ltr'><strong>parunt</strong></span> <span class='ocrx_word' id='word_1_333' title='bbox 787 4110 858 4186; x_wconf 87' lang='lat' dir='ltr'><strong>rio),</strong></span> <span class='ocrx_word' id='word_1_334' title='bbox 881 4112 1025 4190; x_wconf 90' lang='lat' dir='ltr'><strong>quicum</strong></span> <span class='ocrx_word' id='word_1_335' title='bbox 1046 4109 1187 4168; x_wconf 87' lang='lat' dir='ltr'><strong>Homero</strong></span> <span class='ocrx_word' id='word_1_336' title='bbox 1211 4127 1288 4169; x_wconf 88' lang='lat' dir='ltr'><strong>cou-</strong></span> 
     </span>
     <span class='ocr_line' id='line_1_40' title="bbox 252 4198 1287 4284; baseline -0.014 -4"><span class='ocrx_word' id='word_1_337' title='bbox 252 4221 357 4281; x_wconf 80' lang='lat' dir='ltr'><strong>validis</strong></span> <span class='ocrx_word' id='word_1_338' title='bbox 379 4215 548 4280; x_wconf 84' lang='lat' dir='ltr'><strong>rationibus</strong></span> <span class='ocrx_word' id='word_1_339' title='bbox 572 4215 611 4276; x_wconf 90' lang='lat' dir='ltr'><strong>ad</strong></span> <span class='ocrx_word' id='word_1_340' title='bbox 628 4213 747 4274; x_wconf 83' lang='lat' dir='ltr'><strong>Gorne-</strong></span> <span class='ocrx_word' id='word_1_341' title='bbox 787 4210 930 4283; x_wconf 84' lang='lat' dir='ltr'><strong>tendunt,</strong></span> <span class='ocrx_word' id='word_1_342' title='bbox 949 4198 1020 4284; x_wconf 68' lang='grc' dir='ltr'><strong><em>ἴσοι,</em></strong></span> <span class='ocrx_word' id='word_1_343' title='bbox 1045 4211 1115 4274; x_wconf 63' lang='grc' dir='ltr'><strong>ποτ)</strong></span> <span class='ocrx_word' id='word_1_344' title='bbox 1132 4210 1209 4276; x_wconf 66' lang='grc' dir='ltr'><strong>Χῖον</strong></span> <span class='ocrx_word' id='word_1_345' title='bbox 1228 4211 1287 4276; x_wconf 63' lang='grc' dir='ltr'><strong>α’ω.</strong></span> 
     </span>
    </p>
   </div>
   <div class='ocr_carea' id='block_1_7' title="bbox 0 0 1350 4914">
    <p class='ocr_par' dir='ltr' id='par_1_8' title="bbox 0 0 1350 4914">
     <span class='ocr_line' id='line_1_41' title="bbox 0 0 1350 4914; baseline 0 2"><span class='ocrx_word' id='word_1_346' title='bbox 0 0 1350 4914; x_wconf 95' lang='lat' dir='ltr'><strong> </strong></span> 
     </span>
    </p>
   </div>
  </div>
 </body>
</html>
