2692 4914
149 329 220 415 aaa
352 331 394 438 r„
420 329 668 408 vmouu
696 327 959 405 Maaours

131 520 198 598 =Et
215 517 333 592 multo
363 521 549 618 inprimis
567 515 727 588 hilarans
759 517 936 590 conuiuia
966 513 1127 602 Baccho,

148 653 248 725 Ante
261 650 400 742 focum,
421 651 573 756 lifrigus
595 654 675 739 erit,
699 648 725 723 sr
740 647 869 738 mellis,
885 655 925 721 in
936 646 1076 736 vmbra,
1130 670 1182 744 70

151 787 249 860 Vina
268 815 413 862 nouum
436 786 590 863 fundam
608 783 760 858 calathis
778 781 918 856 Ariufia
939 800 1081 856 nectar.
1146 882 1153 900 ι

153 920 368 997 Cantabunt
389 924 479 998 mihi
497 925 700 995 Damoetas
725 936 763 993 et
782 922 929 1012 Lyctius
953 919 1106 1015 Aegon3

154 1050 328 1133 saltantis
346 1061 494 1152 Satyros
517 1053 722 1129 imitabitur
741 1050 1020 1151 Alpheliboeus.

223 1257 258 1326 69
276 1261 383 1316 attacta
405 1257 504 1313 Madia.
527 1254 612 1309 Pierii.
692 1271 724 1324 7⁰
734 1250 784 1323 fin
804 1250 909 1322 adius,
939 1261 971 1308 ln
992 1255 1094 1306 umbra
1115 1253 1186 1308 coni.

156 1338 282 1397 Waddel.
298 1362 324 1414 p.
339 1345 361 1398 1.
428 1360 458 1410 7¹
480 1339 634 1414 infundam
651 1337 758 1411 Menas.
778 1355 805 1391 et
824 1339 920 1393 Mater.
940 1354 1041 1409 quart,
1074 1340 1102 1391 it.
1117 1337 1185 1400 Pier,

157 1423 274 1497 Oblong.
311 1447 388 1482 noua
402 1426 554 1500 infundam
565 1425 661 1479 Morat.
679 1422 727 1476 sec.
762 1424 944 1476 aberratiouee
964 1424 993 1476 in
1005 1423 1185 1492 Ariusaavid.

157 1509 230 1579 apud
250 1513 317 1569 Pier.
341 1529 368 1581 ep
384 1515 490 1574 Buram
513 1512 542 1565 it.
563 1529 624 1565 mox
643 1509 671 1561 iu
691 1509 812 1579 Lyctius.
846 1506 893 1565 Est
912 1508 929 1576 ri
948 1508 1082 1578 Ἀμουσία
1104 1510 1188 1580 κόρα.

157 1590 257 1650 infulae
282 1597 358 1660 Chii.
391 1615 417 1654 et
444 1597 564 1662 alatos.
595 1593 653 1651 trba
671 1592 775 1650 Cretae.

123 1748 125 1752 ’
159 1758 225 1823 Ecl.
246 1764 287 1837 11,
309 1787 348 1829 aa
382 1769 452 1831 aaa
479 1765 561 1828 milti
587 1785 654 1825 aon
694 1778 808 1844 poetae
823 1777 855 1824 at
868 1759 929 1823 hoc
943 1777 1129 1826 memorant.
1151 1762 1192 1826 cf·

160 1863 424 1943 aestatenouum
445 1870 655 1950 nonfrigore
696 1864 1007 1944 adTibull.11,1‚29.
1038 1866 1195 1944 71.Vina

159 1964 250 2046 defle.
300 1975 447 2052 69—73.
485 1973 529 2031 Ex
555 1972 654 2030 multo
695 1964 830 2041 Ariusw
850 1988 887 2025 ex
913 1969 1131 2046 promontorio
1159 1983 1193 2027 et

38 2145 40 2149 ,
158 2066 301 2132 suauiore
328 2074 398 2133 loeo
423 2072 555 2135 Theocr.
579 2073 654 2145 vn,
697 2084 793 2129 tractu
806 2065 924 2129 Ariulio
940 2072 974 2127 in
989 2067 1083 2128 insula
1100 2067 1195 2130 Chio.

161 2169 204 2231 63
227 2171 290 2254 sqq.
313 2172 501 2235 adumbrata.
550 2174 656 2241 Ambi-
695 2193 725 2231 v.
743 2169 845 2231 Heius.
861 2168 944 2229 adh.
959 2170 999 2244 L,
1027 2185 1058 2229 et
1074 2172 1193 2232 Potter.

162 2277 262 2357 guitaa
275 2272 318 2335 est
332 2280 365 2335 in
381 2275 444 2361 sqq.
467 2274 567 2337 fintne
589 2298 656 2338 om·
698 2273 738 2332 ad
753 2273 904 2336 Clement.
919 2272 1003 2332 Alex.
1019 2272 1099 2332 Coh.
1119 2295 1194 2356 pag.

161 2377 214 2434 nia
228 2378 404 2438 reuocanda
421 2378 461 2438 ad
480 2375 570 2440 festos
592 2378 656 2438 diea
703 2378 770 2453 184.
814 2375 914 2433 Etiam
942 2371 1052 2432 horum
1072 2381 1195 2437 mentio

161 2477 198 2535 in
224 2478 394 2559 Daphnidis
423 2478 576 2541 honorem
604 2478 657 2539 ha·
699 2473 939 2556 apastorefacta
953 2473 1196 2555 reprehensione

162 2573 300 2649 hendor,
330 2602 371 2644 an
391 2581 429 2643 ed
452 2580 605 2643 honorem
626 2598 659 2642 et
700 2579 793 2660 digua
812 2576 871 2636 vila
889 2578 1010 2637 Klotzio
1027 2580 1141 2660 Opulc.
1162 2604 1197 2662 p.

163 2681 347 2739 memoriam
372 2688 436 2744 eiua
460 2684 658 2746 recolendam
702 2682 780 2759 287;
814 2678 939 2740 delendi
956 2694 1061 2739 tamen
1081 2680 1196 2761 potest,

164 2783 201 2839 in
221 2779 378 2864 quibusuia
398 2784 601 2855 sollennibus‚
626 2802 659 2846 vt
701 2803 771 2842 cum
786 2785 867 2841 iuter
883 2780 994 2841 Chium
1015 2797 1047 2842 et
1061 2784 1199 2844 Siciliam

165 2876 197 2943 ei
225 2899 381 2967 tamquam
409 2885 494 2950 heroi
518 2889 570 2950 seu
598 2888 658 2948 deo
702 2888 885 2945 commercia
912 2884 978 2944 saris
1005 2885 1103 2945 multa
1130 2886 1200 2947 lue·

137 2982 142 2989 ’
166 2984 275 3048 libatio
297 2985 362 3056 liat:
383 2985 437 3049 elli
452 2991 601 3051 nonnulla
615 2993 660 3050 in·
700 2992 772 3059 rint,
791 3008 921 3070 cumque
933 2992 967 3046 ln
983 2991 1120 3048 carmine
1133 3009 1201 3048 ma·

167 3101 397 3171 terponuntur,
440 3110 519 3172 quae
546 3093 660 3152 lacrum
700 3093 772 3150 ioth
796 3088 913 3170 spiritua
937 3088 1073 3149 versetur
1093 3107 1199 3171 poeta.

166 3191 203 3250 in
231 3195 296 3250 eiua
325 3189 477 3251 honorem
506 3189 661 3254 instituan.
701 3212 824 3250 nouum
846 3206 979 3258 nectar:
1004 3191 1063 3249 luit
1084 3191 1200 3254 scilicet

167 3288 243 3350 dum
266 3304 405 3370 arguant.
454 3292 585 3351 Videtur
607 3296 662 3351 ita·
701 3298 807 3354 vinum
821 3293 920 3355 dulce.
953 3292 1113 3352 calatha
1128 3294 1199 3356 hl.

167 3409 231 3472 que
250 3374 291 3452 'fic
308 3388 502 3452 statuendum
524 3390 602 3465 elle,
630 3409 664 3455 vt
702 3393 774 3457 vasu
795 3412 828 3456 et
856 3396 955 3455 calicis
980 3415 1090 3477 genua.
1112 3392 1201 3475 ⁰73.

168 3511 198 3549 v.
214 3493 256 3570 69
272 3489 313 3572 sq.
344 3490 382 3551 de
399 3498 506 3554 ceteris
522 3494 664 3555 sollenni-
705 3497 869 3556 Saleantes
891 3497 1024 3575 Satyros
1051 3497 1203 3557 imitabi-

169 3588 367 3652 buaaclestia
382 3593 488 3655 diebus
501 3615 661 3672 memoret,
704 3614 779 3656 rur:
819 3598 991 3677 simpliciter
1015 3619 1076 3678 pro
1112 3599 1203 3661 salta·

169 3691 281 3775 quibus
321 3698 403 3756 inter
437 3699 541 3777 epulas
575 3699 662 3761 festas
703 3699 765 3759 bit:
806 3698 864 3758 scil.
890 3701 1070 3783 Satyrorum
1097 3722 1202 3777 more,

168 3794 345 3875 Daphnidi
379 3820 505 3883 quoque
546 3801 662 3862 libatio
704 3800 875 3861 incondito:
907 3818 940 3860 vt
953 3803 1070 3883 Georg.
1092 3802 1119 3876 1,
1134 3805 1203 3866 350

160 3897 251 3980 fiac:
270 3897 329 3960 hoc
344 3897 388 3960 est
402 3901 439 3966 vs.
457 3924 493 3983 71
503 3903 662 3985 fundam.
703 3908 737 3963 ln
758 3902 839 3963 sacro
865 3919 937 3965 ante
964 3900 1090 3964 mollem
1131 3906 1204 3965 Der

170 4021 222 4081 70.
243 3999 334 4061 Ante
345 3997 480 4081 saarim,
505 4005 538 4081 fi
548 4007 664 4087 frigus
704 4021 811 4064 morus
823 4004 1051 4086 incompofatos
1069 4021 1105 4066 et
1126 4029 1204 4067 car-

160 4105 257 4172 ¹err't:
289 4105 373 4187 quod
406 4104 476 4169 sane
505 4124 536 4168 et
564 4109 661 4191 ipsum
702 4110 792 4166 mina
823 4106 922 4167 dicar.
974 4107 1058 4168 Male
1088 4113 1205 4192 accipit

170 4204 410 4272 oblectationem
444 4208 535 4292 [πίῃ
579 4212 661 4274 vnde
701 4210 818 4271 Baxter.
842 4212 881 4272 ad
901 4212 1010 4272 Horat.
1042 4209 1141 4294 Epist
1162 4212 1204 4289 11,
