2700 4906
178 353 504 430 snovnnnn
532 312 842 430 rumonus
944 383 1104 439 xxxva
1177 418 1185 447 Ι

59 559 223 658 inprimis
253 572 385 631 tamen
404 541 596 653 Romanus
619 552 738 630 sermo
758 556 830 631 hac
850 577 956 658 parte
975 538 1096 642 multo

57 695 166 791 magis
191 688 362 783 laborat,
406 715 521 792 quam
552 690 696 764 Graeca
728 690 872 789 lingua,
917 702 1098 795 quoniam

57 826 100 900 ad
118 829 408 926 grammaticam
435 822 673 898 subtilitatem
704 820 815 898 serius
846 821 918 900 fuit
941 815 1096 908 reuoca·
1236 886 1247 903 .

56 979 108 1034 nnn
129 979 170 1035 et
189 963 285 1063 quia
305 957 444 1035 seriore
466 983 581 1052 aeuo,
622 983 646 1032 e
664 981 742 1058 quo
762 957 944 1061 pleraque
961 987 1096 1040 monu-
1127 993 1134 1007 ‘

54 1112 176 1171 menta
210 1092 263 1166 ad
290 1116 362 1168 nos
391 1115 548 1186 venere,
589 1110 803 1193 temporum
822 1092 1097 1199 hominumque

57 1229 227 1305 barbarie
243 1225 311 1301 ille
326 1224 400 1300 suit
417 1244 627 1327 corruptus.
679 1226 813 1302 Nullus
827 1231 956 1330 itaque
970 1251 1097 1309 rectae

56 1391 96 1441 ac
114 1387 233 1440 verae
254 1363 411 1434 rationis
431 1358 570 1435 sundus
592 1356 644 1436 est
665 1358 747 1437 satis
768 1359 885 1454 fidus,
925 1361 1002 1441 fine
1018 1385 1096 1460 ety-

56 1525 154 1572 mum
177 1493 363 1598 sequaris,
401 1493 506 1594 quod
527 1491 652 1569 nullus
674 1495 836 1596 populun
855 1471 897 1569 in
919 1499 1094 1574 omnibus
1200 1503 1206 1515 ’

57 1637 210 1720 retinet;
251 1625 331 1704 siue
355 1632 634 1720 auctoritatem
678 1654 767 1702 nam
784 1633 1035 1729 antiquiorem
1053 1639 1096 1710 in

56 1772 175 1842 numia
197 1783 238 1840 et
252 1760 503 1837 marmoribus
515 1759 684 1837 videmus
698 1761 896 1852 fluctuare,
923 1762 1098 1842 seriorem

55 1921 179 1977 autem
199 1903 257 1974 ita
278 1898 572 1973 contaminatam
589 1892 681 1987 else,
709 1913 749 1971 vt
762 1900 822 1970 vix
835 1894 974 1972 habeas
993 1901 1099 2000 quod

56 2036 220 2137 sequare.
293 2027 511 2106 Persuasum
533 2047 659 2107 tamen
685 2027 751 2105 sibi
778 2030 945 2106 habuere
968 2031 1100 2134 paffim

52 2175 119 2244 -viri
138 2168 268 2258 docti,
313 2161 472 2265 priscam
501 2160 684 2240 scribendi
712 2169 897 2241 rationem
925 2173 1099 2242 reuocari

56 2302 155 2408 posse
175 2317 247 2375 aut
269 2324 294 2372 a
316 2296 353 2373 se
372 2315 590 2374 reuocatam
608 2294 693 2373 else.
743 2302 866 2373 Etiam
878 2302 962 2375 Nic.
982 2305 1100 2379 Hein-

58 2440 122 2515 sius
153 2435 264 2512 suam
287 2432 446 2533 Virgilio
474 2431 777 2535 orthographiam
804 2432 1010 2510 restitutam
1029 2466 1100 2539 pu-

58 2576 153 2650 tabat
174 2564 349 2672 expressa
370 2564 548 2666 scriptura
571 2564 711 2642 codicis
729 2566 904 2644 Medicei.
957 2576 1101 2650 Verum

60 2726 265 2811 antequam
285 2700 328 2776 id
352 2698 579 2792 affirmares,
620 2699 836 2776 docendum
859 2725 957 2802 erat,
1001 2707 1102 2784 hano

61 2844 278 2945 scripturam
294 2833 368 2911 effe
383 2860 509 2910 veram
522 2835 624 2908 illam
640 2840 833 2934 antiquam
846 2839 1100 2938 virgilianam.

62 2978 130 3054 Nili
150 2974 194 3050 id
214 2971 378 3070 seceris,
404 2969 481 3045 hoc
502 2995 618 3044 vnum
637 2967 872 3061 concessero„
906 2968 980 3045 esse
1001 2972 1102 3049 hanc

64 3112 281 3214 scripturam
309 3109 389 3179 eius
419 3109 521 3196 aeui,
573 3128 651 3207 quo
684 3102 807 3178 codex
835 3099 886 3178 est
912 3125 1102 3200 exaratus;
1182 3122 1186 3131 '

64 3251 165 3349 atqui
186 3244 261 3318 suit
284 3238 380 3314 illud
398 3238 446 3312 ab
472 3239 658 3340 Augusten
686 3237 833 3314 saeculo
868 3237 962 3315 ralde
979 3265 1103 3316 remo-

66 3402 141 3457 tum
161 3399 202 3455 et
223 3377 351 3450 multis
372 3373 548 3450 sermonis
568 3379 663 3448 vitiis
683 3378 991 3449 contaminatum.
1033 3377 1104 3450 Dib

69 3539 122 3593 nat
150 3515 307 3616 aliquis,
357 3514 609 3610 antiquiorem
636 3506 763 3583 saltem
786 3506 969 3584 scribendi
990 3515 1105 3586 ratio-

71 3679 150 3729 nem
169 3657 210 3724 in
229 3647 299 3723 illo
326 3644 460 3721 codice
478 3644 659 3720 seruatam
681 3640 765 3719 else.
819 3645 934 3742 Atqui
957 3669 1008 3720 ne
1028 3645 1106 3723 hoc

8 3764 11 3885 l
73 3788 215 3887 quidem
239 3783 329 3859 satis
350 3798 434 3854 tuto
449 3778 626 3870 affirmes;
654 3804 741 3866 nam
755 3782 1018 3877 Fragmentum
1033 3783 1107 3857 Va·
1179 3768 1181 3772 ¹

8 3912 11 3939 ¹
77 3926 242 4016 ticanum,
289 3913 404 4020 quod
432 3914 508 3990 hoc
528 3914 703 3989 Medicao
726 3915 914 4012 antiquius
936 3911 1107 4003 habetur,

79 4057 246 4160 vulgarem
276 4048 452 4131 nostram
471 4056 656 4126 rationem
677 4046 846 4138 exhibet,
892 4046 1110 4125 attrahere,

82 4189 228 4292 illnsmk,
259 4184 485 4288 collapsus.
534 4176 724 4260 Romanus
740 4202 877 4275 antem,
904 4185 969 4281 qui
985 4175 1113 4280 etipse

115 4330 215 4412 Tonr.
242 4336 264 4405 I
695 4347 718 4395 θ
