2692 4914
250 314 309 398 64.
453 316 496 392 Ρ.
521 317 768 393 VIRGILII
797 320 1057 397 MARONIS

251 502 331 606 Ipse
360 526 430 602 ego
458 527 553 576 cana
580 501 703 602 legam
727 524 858 581 tenera
881 508 1056 609 lanugine
1076 511 1211 602 mulo,¹

254 636 527 738 Castaneasquo
549 663 683 730 nuces,
705 665 790 714 mea
807 666 898 741 quas
912 645 1106 737 Amaryllis
1129 644 1293 718 amabat.

251 773 401 850 Addam
407 797 517 847 cerea
523 798 645 874 pruna
650 804 660 865 3
674 774 798 849 honos
815 777 1292 880 erithuicquoquepomo;

251 915 394 973 Marcellus
410 915 439 967 in
453 919 569 970 calcula.
638 916 672 969 53
688 934 777 985 poma
795 915 880 978 Von.;
912 936 992 990 porro
1016 934 1043 972 ee
1062 935 1124 972 anto
1144 919 1239 972 honos
1264 919 1293 972 iu

252 1003 338 1074 vulgg.
360 999 420 1054 odd.
444 1015 471 1052 et
494 1001 522 1052 in
535 998 669 1053 nonnullis
683 998 753 1053 libris
769 996 801 1052 ad
818 1001 970 1071 euitandum
984 1005 1100 1068 hiatum
1124 1005 1202 1058 maie.
1237 1000 1291 1057 vid.

252 1089 321 1142 Pier.
336 1084 426 1140 Heius.
442 1084 469 1138 h.
484 1085 519 1147 1..
545 1086 590 1158 qui
608 1087 707 1157 primus
730 1086 821 1148 eiecit,
845 1102 872 1138 et
883 1086 918 1140 ad
932 1089 982 1142 Ge.
996 1092 1017 1150 1,
1030 1100 1056 1157 4,
1071 1108 1132 1145 221.
1167 1089 1293 1143 Wufium

253 1173 287 1228 do
302 1173 391 1227 senar.
407 1190 430 1224 c.
444 1179 470 1238 4.
512 1171 552 1225 Ad
574 1171 737 1224 Graecorum
756 1172 946 1234 imitationem,
989 1173 1085 1247 quibus
1107 1174 1229 1248 aspiratio
1254 1175 1295 1226 so·

252 1278 319 1314 num
340 1255 470 1310 consonae
485 1255 596 1309 similem
614 1255 758 1318 reddebat,
774 1276 795 1308 v
807 1257 848 1310 vel
863 1279 903 1321 ov,
917 1259 948 1332 f.
969 1277 1050 1332 poeta
1068 1275 1095 1314 ot
1118 1261 1173 1313 boc
1190 1279 1294 1313 accom-

254 1343 393 1404 modouitf
412 1339 449 1396 est
465 1361 570 1414 quoquo
582 1341 669 1397 hiatus
691 1344 719 1395 in
741 1341 858 1407 caesura,
886 1342 1012 1398 sententia
1027 1345 1187 1400 [ubfilioute.

253 1450 331 1514 Aen
347 1446 416 1519 VII,
432 1449 496 1524 488
516 1466 648 1507 ceruum
665 1447 751 1506 Mol·
795 1453 974 1529 terpretutio
1000 1449 1176 1512 confirmari
1199 1453 1295 1510 etiam

255 1551 340 1612 libus
355 1553 507 1609 intexens
523 1548 667 1609 ornabat
681 1569 752 1608 cor·
793 1547 894 1630 potest
930 1571 968 1612 ox
996 1552 1105 1613 Alcimi
1132 1552 1294 1634 Epigrum·
1330 1620 1335 1633 ⁸

255 1677 326 1715 uua
344 1654 457 1733 sertis.
508 1652 628 1711 Calcha
657 1653 750 1734 vulgo
793 1668 876 1713 mate
893 1651 1061 1736 Antholog.
1084 1653 1189 1713 Burm.
1211 1654 1252 1715 Τ.
1267 1653 1293 1729 1,

253 1756 357 1822 nostru
379 1736 606 1834 ungentum,
644 1775 753 1834 murg—
792 1775 826 1815 n.
851 1776 932 1829 211,
969 1758 1055 1839 quod
1082 1776 1120 1816 ex
1141 1754 1174 1818 h.
1195 1757 1217 1817 1.
1241 1777 1296 1817 ex·

253 1861 353 1942 gold,
376 1860 495 1940 soucy,
528 1855 669 1919 habetur.
689 1858 750 1917 vid.
793 1855 946 1939 pressum,
993 1857 1045 1919 vbi
1078 1859 1164 1916 liaeo
1200 1859 1294 1918 mala

257 1964 369 2037 Cerdo,
387 1981 575 2045 quamquam
589 1960 628 2020 de
644 1981 684 2020 eo
699 1959 752 2020 ud·
794 1961 968 2022 redduntur
977 1961 1154 2025 velleribus
1164 1961 1295 2037 hirsuta

256 2067 316 2129 hnc
338 2065 457 2126 dubitat
479 2065 604 2124 Murtin.
621 2063 661 2122 ad
678 2060 708 2121 h.
729 2062 750 2121 l.
794 2063 936 2144 cydonia
971 2067 1072 2126 oanis.
1145 2064 1296 2145 Culpum.

254 2171 306 2230 De
327 2169 486 2226 vacciniis
506 2165 566 2224 vid.
589 2165 628 2224 ad
648 2187 676 2231 v.
703 2168 751 2229 18.
793 2168 857 2226 Ecl.
872 2167 912 2241 11,
929 2187 979 2248 90.
997 2187 1035 2246 91
1058 2180 1097 2225 vt
1116 2169 1153 2225 in
1171 2167 1296 2226 arbore

257 2272 383 2342 mollia,
401 2286 517 2340 tenera,
541 2282 574 2330 vt
583 2268 648 2326 Ecl.
659 2269 699 2341 V,
709 2270 751 2330 38
782 2269 889 2351 saepe
927 2271 1045 2327 notaui
1092 2270 1195 2328 Cerea
1226 2267 1295 2348 snb

256 2373 364 2435 mollis
383 2371 486 2444 viola,
500 2369 563 2436 vl,
577 2373 619 2432 53
645 2370 752 2429 mollis
794 2375 888 2431 tenui
907 2371 1017 2430 lucere
1036 2369 1179 2449 cydonia
1199 2374 1293 2434 lana.

257 2473 453 2559 hyacinthus
487 2487 519 2534 et
546 2487 579 2532 vt
614 2470 752 2534 nostrum
794 2475 831 2535 cf.
848 2474 983 2533 Martini.
998 2475 1040 2543 X,
1056 2482 1098 2551 42
1117 2476 1259 2558 aliosque
1275 2497 1295 2537 a

247 2581 357 2662 satist.
758 2601 766 2619 ,
793 2581 864 2637 viris
880 2577 978 2637 doctis
998 2577 1039 2636 ad
1059 2592 1225 2661 virumque
1248 2578 1297 2638 lo·

300 2687 351 2746 δι.
389 2697 476 2738 cana
501 2675 609 2755 legam
637 2691 753 2736 tenera
795 2700 864 2739 cum
883 2680 1033 2739 laudatos.
1083 2682 1135 2740 52.
1156 2681 1297 2761 Respicit

258 2784 417 2861 lanugine
444 2780 542 2839 mola.
592 2774 751 2860 χνοάοντα.
794 2781 876 2843 hunc
896 2782 1015 2842 vorsum
1039 2781 1134 2840 Ouid.
1164 2784 1231 2843 Art.
1255 2783 1296 2854 Π,

255 2887 436 2969 Intelligunt
450 2885 543 2966 vui'go
558 2885 638 2944 mala
659 2871 770 2967 cydo-'
796 2889 866 2964 267.
896 2884 960 2952 111,
987 2886 1055 2947 185.
1111 2885 1164 2946 53.
1193 2905 1294 2941 cereo

255 2994 319 3064 niu,
341 2986 530 3059 fleotomo,
551 2985 641 3046 nobis
659 2986 753 3069 Quic·
789 3007 918 3070 pruna,
946 2983 1008 3046 fine
1021 2986 1101 3045 flaua
1109 3029 1120 3057 ,
1150 2984 1295 3046 finemu-

256 3108 324 3167 eea,
346 3112 425 3175 quae
442 3110 516 3149 cono
532 3089 604 3148 lana
625 3087 645 3148 s.
665 3089 753 3148 lonn-
795 3105 879 3158 tnru;
909 3087 1068 3150 hocsensu
1080 3088 1199 3148 dictum
1216 3089 1294 3149 illud

256 3199 330 3278 gine
371 3192 486 3252 obduci
522 3189 589 3250 sutis
625 3188 751 3250 constat.
794 3193 964 3270 Almonis,
992 3193 1078 3274 quod
1094 3189 1125 3249 h.
1143 3192 1164 3250 l.
1185 3191 1296 3288 laniat

257 3297 363 3377 Quum
377 3310 482 3354 tamen
496 3314 531 3353 eu
545 3292 651 3374 palato
666 3292 753 3371 puel·
794 3293 922 3367 Fabric„
942 3293 1062 3378 κηρίναν
1078 3287 1210 3376 ὀπώραν,
1238 3293 1293 3354 illo

255 3399 306 3459 lue
327 3416 436 3477 parum
456 3410 541 3477 gruta
555 3390 640 3454 fuiffo
655 3393 752 3453 videri
794 3397 917 3456 videtur
936 3400 1075 3476 occipere
1098 3397 1193 3454 Ouid.
1216 3396 1297 3460 Met.

255 3496 371 3582 poffint
393 3497 518 3575 (oblitus
533 3511 598 3556 erat
617 3499 665 3555 vir
679 3497 752 3556 doc·
796 3499 881 3569 XIH,
903 3501 966 3561 818
999 3518 1194 3578 prunaque,
1225 3519 1296 3558 non

256 3599 392 3673 tiffimus,
407 3597 436 3661 h.
451 3599 471 3658 l.
487 3599 526 3658 de
540 3619 574 3658 re
591 3602 752 3658 coronario
783 3599 898 3678 solum
914 3603 1010 3676 m'gro
1023 3599 1164 3658 liuentia
1168 3599 1299 3676 suoeog

257 3709 317 3786 ogi,
331 3702 471 3784 adquam
487 3700 662 3760 referuntur
674 3721 752 3781 quo·
795 3704 920 3763 Verum
936 3705 1037 3760 etiam
1048 3702 1213 3780 generosa
1236 3724 1296 3761 no·

256 3827 318 3890 que
336 3802 446 3867 calathi
459 3802 586 3863 floribus
604 3818 635 3863 et
650 3807 751 3884 pomis
794 3807 1094 3885 vasqueimitamia
1104 3825 1209 3864 ceras.
1225 3807 1295 3865 Me·

256 3905 448 3988 nucibusque
459 3906 530 3966 scite
540 3909 663 3986 omiti),
677 3927 752 3965 con·
793 3923 955 3966 morantur
970 3928 1095 3990 quoque
1109 3927 1202 3967 cerea
1221 3928 1296 3986 pru-

256 4013 320 4069 iicit
352 4010 504 4068 Martinus
540 4006 700 4089 significari
732 4029 751 4067 n
793 4029 834 4068 na
857 4014 892 4069 in
915 4011 1003 4089 Copa
1030 4012 1076 4073 18.
1132 4009 1203 4070 Alia
1224 4010 1296 4069 locu

255 4128 350 4191 poeta
368 4113 565 4192 praecocia,
599 4108 619 4168 s.
649 4108 751 4171 nostra
795 4112 896 4171 cerda
919 4112 1030 4171 laudat.
1054 4114 1091 4172 cf.
1116 4112 1224 4193 Intpp.
1254 4112 1295 4171 od

255 4213 448 4295 Apricqsen.
491 4211 554 4274 Sed
567 4211 691 4295 vulgatu
704 4217 752 4277 in·
793 4215 902 4278 Horat.
931 4213 947 4273 1
983 4214 1085 4275 Carm.
1122 4218 1161 4279 ιδ
1194 4218 1294 4276 oerea'
