2700 4906
191 337 194 341 ⁴
319 332 638 412 saeviente
669 332 1015 416 enrrrours‘
1099 448 1103 454 ‚
1148 372 1191 420 n

147 536 334 612 redditam
378 533 455 615 elle
485 556 616 614 exacte
644 510 884 616 lieinsranam
924 544 1127 622 lectionem
1162 573 1187 622 a

149 674 385 764 Burmanno;
430 698 506 748 nec
546 693 673 750 tamen
713 677 833 778 culpa‘
863 683 932 752 viri
967 678 1072 754 docti
1103 681 1187 773 alia,

150 831 258 906 quarn
294 806 405 908 quod
446 808 660 909 exemplum
697 836 779 884 non
826 810 908 885 latis
946 812 1189 888 emendatum

148 947 268 1041 operis
312 942 473 1016 librariis
522 943 786 1018 excudendum
826 945 1043 1021 tradiderat.
1115 952 1187 1022 Ex·

147 1096 272 1177 pertus
316 1074 396 1178 ipse
430 1075 563 1170 didici,
613 1105 726 1180 quam
756 1107 890 1183 pamm
926 1100 1008 1155 tuta
1046 1106 1105 1157 res
1131 1079 1187 1176 fit,

147 1197 372 1287 emendare*
396 1214 654 1313 apographum
698 1243 817 1319 praue
858 1230 1068 1308 exaratum,
1122 1233 1187 1290 aut

148 1346 429 1422 emendandum
467 1347 681 1450 relinquere
720 1357 790 1446 iis,
842 1358 909 1454 qui
944 1350 1114 1426 madidas
1164 1376 1189 1428 e

148 1483 249 1584 prelo
276 1482 423 1559 chartas
454 1487 643 1585 corrigere
667 1511 858 1588 recepere.
933 1485 1187 1562 Redeundum

148 1622 272 1720 itaque
300 1616 406 1691 haud
441 1616 557 1693 dubie
589 1617 641 1695 est
667 1621 718 1696 ad
731 1619 955 1697 ‚Heinlianas
988 1622 1186 1698 editiones.

147 1755 349 1830 Enimuero
379 1757 495 1827 etiam
523 1752 595 1831 hae
622 1759 723 1831 inter
758 1753 794 1831 le
826 1755 934 1832 valde
963 1756 1186 1857 discrepant,

147 1914 228 1964 cum
260 1894 303 1963 in
334 1887 538 1990 scriptione
571 1887 635 1967 seu
666 1889 952 1993 orthographia,
993 1910 1076 1966 turn
1111 1919 1190 1968 ma·

145 2029 240 2101 xime
267 2029 311 2101 in
341 2029 665 2127 interpunctione.
751 2024 954 2101 Constituit
976 2034 1105 2130 itaque
1132 2032 1189 2103 iu·

147 2186 184 2237 re
209 2159 278 2236 luo
318 2161 533 2238 Brunclriua
570 2187 724 2238 exarare
767 2161 965 2263 Virgilium
1011 2160 1191 2266 scriptura

149 2294 351 2390 adnati,
398 2298 648 2399 inprimiaqne
697 2293 747 2370 ad
793 2318 960 2374 veterem
1003 2274 1190 2377 rationem

149 2451 351 2525 reuooata3
403 2458 482 2534 qua
527 2429 579 2509 do
623 2457 667 2508 re
714 2430 809 2534 quid
843 2431 937 2509 mihi
973 2433 1090 2536 longo
1132 2462 1192 2513 re·

150 2593 224 2643 nrm
265 2566 331 2643 vlu
381 2565 524 2644 edocto
576 2586 816 2671 compertum
856 2564 927 2662 fit,
979 2566 1087 2670 supra
1127 2596 1191 2648 ex·

151 2702 257 2805 polui.

241 2838 416 2937 Contigit
469 2835 563 2910 mihi
601 2841 798 2937 ceteroqui
841 2861 887 2910 ea
935 2833 1105 2930 fortuna,
1152 2857 1191 2914 vt

152 2975 318 3051 lectionis
374 2971 603 3071 Virgilianae
647 2970 801 3045 annales
824 3051 827 3056 ,
847 2970 982 3044 melius
1024 2972 1192 3050 condere

151 3109 306 3213 pollem,
339 3132 456 3208 quam
480 3110 673 3209 inpriore
708 3103 887 3179 editione.
966 3106 1064 3177 Cum
1089 3112 1191 3181 enim

152 3271 278 3321 omnes
314 3242 471 3316 Aldinas
502 3240 551 3314 ad
582 3265 717 3315 manua
752 3239 952 3331 haberem,
1000 3263 1192 3341 compara.

154 3387 251 3457 tione
281 3378 456 3478 diligenti
483 3373 582 3454 iacta
606 3378 794 3468 intellexi,
834 3378 1001 3466 tertiam,
1039 3398 1063 3446 a
1089 3379 1220 3450 Nau-¹

152 3522 248 3617 gorio
304 3513 562 3604 emendatam,
613 3518 784 3587 omnium
834 3507 908 3585 elle
947 3509 1192 3587 emendatiffi·

153 3676 264 3743 mam,
307 3668 346 3724 et
377 3645 522 3723 Heinlii
557 3673 673 3750 opera
706 3646 931 3749 plerumque
965 3670 1036 3720 uos
1068 3644 1193 3748 luper-

155 3785 275 3862 ledere
313 3779 497 3886 potuiffe,
551 3781 579 3858 fi
617 3808 701 3857 eam
737 3781 944 3855 editionem
981 3784 1193 3882 exprimere

158 3919 332 4000 eutassent
377 3919 543 3994 editores
575 3917 852 4018 insequentium
879 3934 1113 4016 temporum
1155 3935 1193 3989 at

160 4059 313 4134 maluere
332 4056 392 4130 illi
409 4054 461 4127 ad
485 4060 639 4156 antiqua
661 4052 785 4126 redire
808 4069 845 4125 et
863 4050 1016 4124 Aldinae
1035 4055 1193 4151 prioreS,

162 4192 463 4298 lloreutinasque
498 4215 546 4269 ex
576 4196 622 4268 iis
654 4188 806 4283 ductas,
846 4184 1086 4262 excudendas
1122 4201 1196 4257 tra·
