2692 4914
64 437 66 441 v
162 341 230 418 168
364 333 679 409 nvmomn
711 334 974 410 nanoms

76 530 78 535 ’
158 530 269 603 Nunc
293 540 333 597 te
358 544 612 594 marmoreum
633 545 703 621 pro
732 539 904 621 tempore
932 519 1108 608 fecimua;
1158 539 1195 590 at

777 673 830 744 tu,
1144 652 1193 725 35

143 795 199 869 ‘st
221 789 341 865 fetura
360 814 511 892 gregem
532 785 773 887 suppleuerit,
800 811 933 860 aureus
954 783 1042 860 esto.

209 952 241 997 c.
260 929 399 1000 Nerine
416 923 587 1011 Galatea,
613 920 739 1013 thymo
757 920 848 993 mihi
870 920 1015 994 dulcior
1035 919 1193 1014 Hyblae,

159 1058 364 1134 Candidior
384 1063 537 1152 cycnis,
564 1054 678 1129 edera
699 1051 898 1128 formosior
923 1053 1027 1142 alba3

59 1228 68 1244 x
159 1197 467 1300 Quamprimum
487 1186 579 1291 pasti
600 1206 771 1288 repetent
799 1187 989 1289 praesepia
1013 1191 1119 1276 tarni,

239 1371 273 1430 55
291 1389 318 1428 et
337 1388 367 1428 te
390 1370 516 1427 Rottmti.
554 1384 589 1423 aa
610 1383 641 1422 ta
664 1370 771 1440 Meurig.
853 1367 888 1424 36
905 1387 1005 1441 greges
1029 1366 1112 1420 Goth.
1139 1365 1188 1421 ser.

156 1462 293 1532 SJNtma
321 1460 464 1513 Galatica
488 1457 576 1510 thimo
590 1481 625 1496 ·-
639 1455 710 1508 maht
736 1453 869 1516 ParrhaL,
908 1469 997 1522 aperte
1019 1451 1190 1504 aberratione.

155 1545 279 1600 Nerine:
321 1563 352 1598 ex
379 1548 505 1614 quaim,
544 1540 682 1608 equris.
740 1539 810 1592 Aliae
841 1538 879 1591 est
906 1543 1019 1608 qunim
1039 1554 1056 1588 ι
1082 1537 1189 1604 Nnenis.

157 1632 192 1686 38
212 1638 296 1702 algeo
316 1627 381 1682 alter
403 1625 529 1682 Rouend»
604 1626 638 1695 59
656 1639 784 1695 repetunt
804 1623 880 1676 multi
896 1641 938 1695 ap.
952 1620 1042 1675 Heius.
1071 1621 1146 1694 quod
1167 1638 1194 1676 et

156 1714 244 1788 ipsum
265 1709 398 1769 defendat.
431 1712 584 1784 praesagia
600 1711 692 1781 fragm.
711 1709 825 1772 Moreti,
851 1706 947 1760 vitiose.

157 1871 241 1951 apud
275 1867 453 1930 Terentina.
485 1868 584 1930 Maur.
600 1867 653 1940 ,de
695 1863 830 1936 ferebat,
866 1866 903 1926 ἐκ
935 1862 994 1927 tiit
1026 1859 1192 1948 rapiatur,

156 1973 284 2032 Metrist
304 1985 306 1988 ’
327 1973 399 2031 Iam
422 1984 512 2028 urano
528 1988 654 2051 priapu-
695 1959 829 2036 ἐνέντων,
844 1960 1053 2049 ὑπαρχόντων.
1093 1970 1144 2030 56.
1161 1967 1191 2027 h.

157 2090 215 2130 reo
253 2069 476 2129 tarasiacbade
491 2071 651 2130 cothurno
694 2065 816 2128 fibona
830 2070 935 2126 ouium
950 2068 1050 2127 fetura
1063 2069 1166 2132 fuerit.

157 2173 253 2251 (forte
268 2173 306 2231 ad
320 2173 450 2233 Inonem
472 2177 591 2244 nutrix,
620 2187 652 2232 vt
736 2173 788 2250 57.
809 2171 932 2228 Nerine
949 2168 1103 2229 Galatea.
1126 2173 1190 2232 No·

154 2273 290 2335 Dianam
304 2269 355 2332 illa
371 2275 527 2350 imitetur),
548 2270 654 2347 stabis
693 2275 739 2331 rei
754 2287 786 2332 et
795 2271 920 2331 Doridis
934 2270 994 2330 filia
1009 2272 1078 2345 fuit,
1096 2270 1192 2357 Nym-

154 2395 216 2436 vox
231 2372 391 2434 sollennia:
413 2371 469 2432 tibi
482 2369 578 2433 statua
594 2395 652 2455 po·
693 2371 755 2454 pba
771 2374 822 2434 illa
832 2376 955 2432 ¹marina
969 2395 984 2431 a
996 2374 1191 2457 Polyphemo

154 2491 267 2539 netur:
287 2471 551 2556 Expreffitlocum
568 2474 652 2536 bunc
692 2473 851 2548 adamata,
887 2495 979 2558 quam
1009 2491 1113 2538 tamen
1141 2479 1191 2541 hic

155 2579 269 2640 Statius
284 2578 314 2636 11
336 2574 436 2636 Theb.
460 2580 521 2655 725
544 2575 608 2661 sqq.
692 2576 852 2661 Corydon,
880 2576 1057 2660 Nyinphem
1076 2580 1190 2662 pastor,

197 2681 357 2744 35—36.
388 2678 488 2738 Etiam
511 2675 587 2752 hoc,
618 2694 652 2739 vt
692 2693 848 2761 tamquam
870 2678 952 2737 suam
974 2685 1121 2758 amicam,
1157 2701 1190 2746 vt

155 2781 217 2842 diat
223 2825 234 2856 ,
256 2785 443 2864 epigramma
463 2775 521 2853 est,
548 2782 651 2861 Priapi
692 2779 809 2861 vesperi
827 2780 866 2840 ad
885 2780 915 2840 se
935 2786 1049 2855 veniat,
1079 2787 1188 2866 eppei·

149 2879 242 2965 'signo
263 2879 405 2956 affixum,
434 2871 468 2942 v't
488 2886 658 2950 innumera,
690 2882 743 2940 lat.
776 2883 896 2942 Scilicet
909 2898 1004 2962 poeta
1020 2899 1139 2946 tantum
1154 2893 1188 2950 in

154 2986 229 3056 alia;
249 2987 343 3068 idque
360 2989 510 3045 votumei
524 2985 661 3057 factum.¹
691 2980 751 3042 hoc
771 2983 954 3054 elaborauit,
983 3001 1016 3046 vt
1034 2988 1185 3050 Theocri-

119 3143 120 3148 ,
152 3086 283 3168 Signum
305 3091 369 3146 eiua
389 3084 483 3148 estex
497 3108 649 3149 marmore
690 3099 775 3144 teum
831 3106 954 3146 carmen
1000 3095 1187 3170 exprimeret

153 3186 237 3263 (sane
258 3208 276 3247 a
297 3185 417 3268 pastore
440 3189 577 3270 ligneum
598 3211 649 3250 ex·
688 3186 776 3270 ldytt.
794 3188 850 3260 xl,
875 3208 911 3268 19
933 3188 992 3270 sq„
1026 3195 1069 3250 vti
1092 3198 1187 3254 etiarn

149 3285 335 3368 pectebas),
382 3289 422 3347 ad
450 3290 534 3371 quod
568 3291 648 3352 sacra
688 3289 934 3364 fecitEci.1X,
964 3294 1005 3370 39
1034 3291 1077 3375 sq.
1136 3297 1189 3356 Sic

145 3393 318 3476 'quotannis
351 3387 430 3449 fiunt
473 3388 645 3469 pastoritia:
686 3389 750 3470 sup.
780 3413 808 3450 v.
836 3396 876 3454 26
903 3391 1059 3453 Arcadas
1083 3395 1189 3476 pastor

148 3503 250 3570 ponet
268 3511 306 3549 ex
333 3504 408 3551 voto
437 3511 562 3550 auream
588 3491 646 3556 ssa·
686 3508 848 3566 memorat,
878 3499 931 3577 qui
947 3499 1029 3554 inter
1040 3499 1188 3560 Mantua-

149 3605 253 3664 tuam,
287 3593 389 3669 (nimis
409 3590 566 3652 ambitiose
585 3615 644 3673 pro
686 3613 744 3654 nos
784 3596 917 3656 viuebat.
987 3599 1187 3682 Quamquam

147 3697 293 3773 pauperis
323 3689 449 3772 pastoria
476 3693 642 3776 personui)
686 3693 748 3756 hoc
789 3697 854 3777 ipso
897 3703 1000 3759 minor
1040 3707 1184 3765 carminis

146 3789 171 3852 fi
219 3793 293 3852 deus
341 3797 493 3873 propitius
541 3796 642 3858 fuerit.
685 3797 814 3858 suauitas
832 3796 892 3859 ess'e
907 3799 1016 3873 debet,
1045 3805 1132 3884 quod
1149 3811 1185 3869 in

116 3961 119 3967 ,
145 3895 197 3972 54.
218 3894 304 3953 idem
320 3895 406 3954 color
425 3899 459 3954 in
472 3897 542 3956 Tib.
558 3898 589 3971 Ι,
614 3921 641 3973 t,
684 3920 756 3959 vera
773 3905 833 3960 vita
853 3899 925 3962 istae
940 3903 1063 3963 fabulae
1080 3911 1186 3968 minus

150 4015 187 4076 19
203 3995 242 4079 sq.
272 3998 325 4055 Sat
340 3993 451 4057 esttibi
466 3998 543 4060 baec
560 4022 641 4062 ame
682 4004 835 4064 iucundae
858 4004 936 4064 sunt.
998 4006 1050 4066 De
1070 4009 1186 4089 Hybla

144 4103 310 4179 quotannis
334 4095 448 4162 offerri.
500 4105 551 4166 55.
574 4126 639 4185 pro
683 4102 720 4164 cf.
742 4107 805 4166 Ecl.
827 4108 859 4179 1,
882 4110 933 4168 55.
978 4107 1079 4168 edera
1100 4113 1187 4173 alba

143 4210 305 4283 tempore,
341 4219 374 4264 vt
395 4217 515 4287 tempus
539 4219 570 4266 et
589 4226 638 4269 rea
680 4207 741 4287 rid,
764 4210 805 4270 ad
824 4211 888 4272 Ecl.
904 4211 958 4285 111,
978 4214 1031 4293 39.
