2700 4906
218 329 296 404 or.
331 327 600 402 ornatur
636 330 934 405 ssvcomco
1055 359 1102 430 η

61 519 162 588 arim
190 533 348 588 natura
377 516 495 588 huius
530 519 718 588 carminis
750 513 895 611 statim
929 518 1097 599 tollitur,

52 641 306 739 sinaturalis
318 642 576 744 fimplicitas,
603 642 747 744 paullo
769 643 970 716 horridior
982 645 1098 742 forte

61 771 129 842 illa
151 788 192 843 et
216 772 423 850 incultior,
447 767 582 866 nostr'a
605 766 811 865 venustate
834 786 874 842 et
896 770 1098 870 elegantia
1142 798 1145 802 ⁴
1179 756 1184 762 ¹

60 915 317 997 temperetur,·
375 920 622 999 quamquam
652 902 766 997 prior
804 898 880 969 illa
917 900 1097 997 ingenuis

61 1033 199 1100 animis
250 1031 448 1098 maiorem
492 1024 741 1122 voluptatem
789 1020 934 1124 afferre
974 1025 1096 1122 solet.

63 1157 170 1257 Quae
194 1180 259 1226 res
278 1150 350 1225 uel
370 1152 453 1252 ipso
483 1152 683 1224 Theocriti
709 1168 748 1222 et
775 1153 941 1252 Virgilii
966 1180 1096 1226 wenr-

57 1283 116 1380 plo
157 1281 370 1355 declarari
411 1296 452 1351 et
488 1277 739 1379 comprobari
775 1276 914 1378 potest.
981 1281 1095 1355 Illius

62 1415 158 1480 oiim
191 1435 320 1509 quam
338 1405 560 1507 fimplioior
584 1423 622 1478 et
643 1411 776 1479 verior
798 1406 1094 1510 humilitatique

62 1541 284 1638 argumenti
319 1534 665 1607 accommodatior
711 1531 764 1628 ss
806 1539 934 1607 ratio!
977 1537 1093 1610 huius

60 1689 144 1736 vero
176 1679 334 1762 quanto
368 1662 590 1761 elegantior
620 1677 660 1732 et
687 1666 890 1734 ornatior!
923 1663 1001 1735 Sed
1021 1665 1093 1736 ha

60 1787 169 1862 lebat
196 1807 385 1890 vterque,
441 1789 555 1889 quod
576 1785 807 1885 sequeretur
813 1816 828 1875 ;
871 1813 953 1859 non
988 1795 1094 1863 enim

59 1915 323 1990 abhorrebant
339 1915 587 1988 Graecorum
609 1919 772 2014 ingenia
796 1912 1093 2014 afimplicitate
1210 1907 1218 1926 ⁸

58 2063 92 2116 et
119 2050 271 2118 natiua
304 2043 447 2143 aliqua
484 2039 671 2141 castaque
707 2038 933 2137 venustate;
978 2042 1092 2143 ipfius

49 2173 240 2269 sermonis
263 2197 317 2244 ac
341 2170 506 2244 dialecti
526 2173 706 2241 Doricae
726 2186 889 2250 natura,
919 2196 1001 2244 non
1019 2199 1091 2271 po·

58 2297 122 2395 tesi
152 2302 257 2378 dici,
287 2296 435 2394 fintiri
452 2297 587 2394 facile
603 2291 752 2396 potest,
789 2315 984 2397 quantam
995 2298 1092 2396 fim-

55 2428 276 2523 plicitatem
293 2451 398 2525 prae
416 2423 468 2522 se
490 2424 625 2521 ferat,
662 2439 701 2495 et
731 2442 972 2526 quantopere
998 2426 1092 2502 huic

58 2582 182 2627 rerum
205 2556 346 2655 generi
370 2568 469 2650 apta
491 2568 530 2622 ct
549 2553 699 2624 idonea
707 2548 776 2646 fit,
808 2569 854 2623 vt
873 2579 946 2625 nec
968 2556 1092 2628 docta

58 2708 123 2753 nec
151 2679 312 2751 inculta
341 2695 381 2750 et
413 2679 581 2750 horrida
618 2684 748 2752 oratio
771 2677 836 2774 fit.
904 2683 962 2753 At
1002 2683 1042 2754 V
1040 2688 1091 2755 ir·

57 2810 167 2909 gilius
194 2807 399 2905 sermonis¹
429 2823 467 2877 et
497 2805 664 2878 dialecti
691 2806 902 2902 suauitate
933 2806 1090 2905 destitu-

57 2952 110 3006 tus
123 2939 180 3025 '),
206 2937 279 3034 qui
297 2931 488 3030 politiore
511 2960 628 3011 aeuo,
654 2937 755 3002 inter
776 2934 951 3006 homines
973 2933 1091 3006 orba

56 3089 117 3134 nos
143 3078 186 3134 et
217 3059 463 3159 elegantiam
487 3086 578 3131 curn
600 3055 717 3155 fastu
737 3058 950 3154 sectantes,
981 3065 1090 3132 viue-

56 3208 125 3268 ret‚
169 3187 305 3258 multa
335 3211 386 3256 ex
413 3189 526 3259 vitae
552 3184 789 3287 pastoritiae
818 3191 988 3259 veritate
1016 3205 1089 3262 aut

49 3317 237 3414 seponere
269 3330 343 3384 aut
370 3311 498 3386 verbis
527 3311 732 3410 honestare
760 3309 904 3410 neceffe
933 3314 1086 3396 hahuit,

58 3469 152 3540 quae
188 3442 302 3514 nude
335 3456 374 3511 et
404 3441 462 3512 ad
493 3446 552 3512 rei
581 3448 792 3515 veritatem
817 3440 1017 3541 proposita
1049 3460 1087 3516 et

61 3568 228 3670 ecprrffa
259 3564 455 3667 superbas
490 3571 766 3641 Romanorum
811 3594 925 3640 aures
966 3567 1088 3672 offen·

64 3697 213 3795 drffent;
257 3723 364 3797 quae
402 3700 483 3767 eius
519 3695 720 3796 elegantia
756 3697 860 3766 adeo
891 3701 935 3768 in
964 3698 1088 3771 laude

8 3908 10 3945 Ι
57 3823 147 3932 ¹suit,
179 3843 226 3897 vt
256 3841 295 3897 et
324 3824 518 3896 Horatius
549 3848 639 3894 eum
663 3821 714 3894 ab
748 3823 827 3894 lrao
858 3826 952 3897 dote
982 3851 1086 3897 com·

93 3982 112 4043 ⁹)
129 3983 206 4038 Recte
232 3983 337 4037 Probat
373 3981 551 4034 Theocritum
590 3979 656 4035 vidi
674 3979 782 4054 potest,
810 3981 877 4036 ideo
899 3984 1009 4036 Latinis
1029 3984 1086 4055 dif-

73 4081 164 4129 poetam
183 4070 313 4142 facilius
347 4066 386 4120 ait
411 4067 549 4120 Bucolica
583 4064 668 4137 sicile
685 4067 792 4139 sutffe,
828 4077 896 4140 quta
917 4070 1024 4140 neceffe
1046 4066 1086 4139 ‹st

70 4149 198 4227 ltrlrfiffe,
232 4167 305 4230 quia
324 4151 407 4223 apud
423 4154 547 4205 Graecos
586 4170 639 4224 per
672 4153 772 4206 eadem
800 4155 889 4208 verba
927 4170 1103 4217 accommo-¹

72 4234 142 4298 lerna
170 4243 329 4317 rrstr‘canru
359 4258 379 4290 a
399 4239 478 4291 cturtt
502 4237 546 4291 dt·
588 4238 779 4309 daresensus.
