2692 4914
253 318 328 394 318
459 317 501 388 Ρ.
527 315 774 390 VIRGILII
802 311 1065 389 MARONIS

253 509 354 580 Tum
374 507 497 576 variae
517 499 688 575 inludant
707 499 844 602 pestes:
878 500 984 602 saepe
1008 504 1162 600 exiguus
1183 528 1269 579 mus

252 641 330 719 Sub
351 642 457 712 terris
487 635 683 738 posuitque
704 637 837 710 domos
861 654 973 735 atque
993 633 1129 710 horrea
1152 636 1262 730 feeit3

253 778 330 851 Aut
350 772 468 847 oculis
494 777 594 873 capti
612 772 745 847 fodere
766 770 903 849 cubilia
923 769 1062 868 talpae3

253 913 510 1007 Inuentusque
532 912 632 982 cauis
653 905 763 997 bufo,
806 923 844 979 et
864 903 1139 1004 quaeplurima
1164 922 1288 980 terrae

327 1126 371 1175 181
390 1119 517 1172 illudant
530 1118 618 1172 Heius.
640 1119 700 1192 post
712 1120 827 1173 Pierium
843 1118 1022 1173 emelioribue
1041 1117 1170 1183 firmpuiu
1200 1140 1287 1176 emen·

255 1209 363 1267 (lauerat
379 1206 431 1258 iem
443 1205 671 1276 Nugatinttd.
687 1205 735 1260 sec.
772 1205 857 1259 sicet
873 1201 957 1260 Goth.
973 1204 1021 1258 see.
1063 1204 1287 1260 illudunteliiet

255 1294 313 1354 ΛΜ.
332 1311 386 1363 pt..
418 1309 498 1361 quem
519 1289 659 1362 sequuntur
679 1291 804 1363 plerique.
855 1291 925 1344 Cum
943 1299 1045 1344 variae
1072 1290 1200 1344 illudunt
1217 1291 1286 1346 Ven.

253 1380 330 1435 Nam
348 1383 448 1429 varlae
475 1375 600 1429 illudunt
622 1375 723 1449 legebat
741 1375 872 1428 Reitltiut.
922 1375 1072 1436 Clausulam
1090 1375 1173 1430 verlue
1196 1378 1288 1431 mirem

254 1463 364 1537 gratiam
382 1458 492 1521 hebere,
513 1462 566 1513 iem
581 1460 707 1529 Quinctil.
724 1460 796 1521 Vlll,
811 1462 837 1523 ὅ,
852 1479 885 1513 20
914 1461 1028 1515 censuitt
1055 1475 1086 1513 at
1104 1463 1222 1534 Vrrgtlrr
1238 1470 1311 1527 ms,

255 1565 351 1604 ramur
370 1544 462 1599 tltud=
502 1545 596 1617 saepe
620 1556 738 1619 exiguus
759 1565 819 1599 mus
838 1562 864 1599 et
878 1544 933 1619 sqq.
970 1548 1058 1608 Recte,
1080 1547 1163 1599 modo
1179 1550 1286 1602 nemis

140 1648 144 1660 ’
253 1633 382 1691 summam
397 1632 429 1684 in
450 1629 505 1684 hoc
523 1648 640 1704 quaeres.
712 1633 759 1686 182
780 1630 880 1684 domus
902 1632 978 1685 Pierii
1000 1630 1165 1705 Langobard.
1188 1634 1285 1687 Mutet.

253 1720 304 1778 sec.
318 1736 343 1772 et
358 1716 440 1771 Goth.
455 1715 504 1770 sec.
575 1718 622 1772 183
636 1718 733 1770 oculor
749 1723 826 1787 capti
841 1714 983 1788 elegantior
997 1717 1087 1772 lurdat
1101 1717 1208 1772 Nonius
1216 1720 1287 1772 Mer·

254 1806 345 1863 cottus.
380 1801 453 1856 Idem
465 1800 573 1872 fouere
584 1800 680 1854 hebet:
707 1801 752 1859 111,
768 1809 819 1867 4²0
838 1801 945 1855 coluber
959 1801 1042 1874 seuit
1064 1803 1184 1856 tumere
1197 1804 1286 1872 [me

255 1893 311 1948 Sub
325 1906 400 1944 terra
407 1886 516 1962 fouere
529 1888 626 1950 larem,
653 1884 699 1939 Est
711 1900 799 1939 temen
812 1886 850 1939 nil
863 1885 912 1940 nifi
925 1885 1020 1940 librarii
1033 1887 1125 1962 lapsus.

253 2047 417 2126 Fatiscere
454 2045 581 2124 proprie
625 2040 745 2114 dicitur,
789 2042 943 2103 manibus
980 2045 1109 2104 iactata
1138 2044 1283 2125 fatiscit,

255 2146 402 2234 quicquid
423 2144 534 2204 viribus
555 2143 656 2236 srttctis
672 2142 746 2205 defi·
786 2149 820 2204 in
841 2166 961 2228 grumae
977 2144 1112 2206 soluitur.
1130 2149 1209 2209 Aen.
1225 2149 1285 2217 lx,

256 2256 316 2322 cit,
337 2253 378 2310 itu
402 2261 433 2304 vt
449 2245 600 2318 soluetur,
621 2243 746 2305 dissolu·
787 2250 849 2327 809
886 2248 984 2326 saxis
995 2249 1112 2325 solida
1130 2269 1214 2308 aera
1223 2251 1284 2331 fa-

251 2366 320 2415 tum
337 2347 497 2417 dilabatur,
517 2362 654 2426 proruat.
695 2349 746 2407 Sic
787 2350 930 2426 tiscunt,
948 2354 1085 2431 repetitis
1107 2351 1220 2413 ictibus
1231 2373 1284 2435 ga·

254 2475 304 2536 ap.
330 2451 432 2509 Valet,
453 2449 495 2514 Π.
512 2449 659 2528 v11,598
689 2449 746 2507 ille
788 2451 837 2511 lea
858 2449 1003 2524 soluitur,
1026 2457 1190 2533 rumpitur,
1212 2475 1283 2534 per·

198 2608 201 2616 .
245 2554 467 2642 fatiscentia
485 2565 586 2631 eaput
603 2554 745 2636 proruit,
790 2555 918 2614 foretur.
976 2555 1067 2636 Apud
1083 2557 1207 2616 Lucret·
1226 2557 1280 2628 ΠΙ,

255 2675 287 2724 et
316 2656 378 2728 IV,
399 2655 442 2732 48
496 2655 569 2712 Icta
613 2652 748 2731 fatiscit
787 2660 851 2736 459
884 2678 968 2716 aeuo
985 2657 1077 2737 feffa
1096 2660 1219 2738 fatisci
1235 2656 1280 2718 dl·

252 2762 350 2844 aqm's
371 2754 477 2816 donee
503 2752 627 2814 domus.
669 2756 746 2815 Inde
788 2773 915 2832 cuntur,
950 2753 1282 2821 vetulure'labefacta·

254 2865 332 2927 Aen,
346 2859 371 2931 1,
392 2861 450 2922 123
471 2878 574 2915 naues
587 2858 746 2937 rimisfa.
786 2862 831 2932 ri,
860 2859 952 2931 solui,
981 2860 1082 2920 dilabi.
1125 2865 1218 2922 vieta
1232 2884 1281 2924 or·

254 2969 393 3046 eiscrmt,
422 2959 451 3021 h.
468 2982 495 3022 e.
511 2959 679 3034 soluuntur,
703 2964 745 3019 ite
786 2975 876 3021 natus
895 2959 993 3023 euulsa
1013 2964 1185 3037 adiectum,
1204 2965 1279 3026 nihil

255 3085 287 3130 vt
301 3072 396 3128 rimae
414 3063 508 3137 liant3
548 3061 586 3122 eb
604 3060 665 3122 hoc
686 3063 747 3122 Ae·
787 3063 926 3144 emplius.
974 3068 1056 3126 Τιιηι
1075 3071 1195 3127 variae
1206 3069 1278 3128 iltu-

254 3170 353 3234 neidis
375 3166 446 3226 loco
466 3165 579 3226 duxere
593 3168 649 3224 viri
662 3165 746 3225 docti
787 3162 872 3224 dant
894 3165 1017 3246 pestes,
1057 3167 1087 3227 h.
1111 3175 1194 3229 veria
1215 3174 1278 3229 ani·

253 3276 417 3335 notionem
438 3264 540 3337 verbi,
578 3262 637 3326 else
661 3266 745 3340 illud,
787 3269 917 3328 melculo
965 3273 1080 3330 nociua
1119 3272 1277 3343 inundent,

254 3375 356 3434 rimas
378 3387 496 3446 agere,
532 3366 567 3424 1ιὶ
581 3388 664 3431 cere.
705 3370 747 3429 At
786 3370 866 3428 clem
885 3368 1028 3446 subeant,
1051 3372 1137 3455 quod
1154 3374 1277 3456 elegan-

254 3494 315 3537 nee
335 3483 417 3530 recte
436 3468 470 3529 fit
490 3467 580 3541 illud,
621 3489 680 3530 nec
699 3471 746 3532 lo·
785 3486 834 3533 ter
865 3472 1005 3531 illudere
1035 3475 1164 3548 dicitur,
1207 3480 1277 3558 quia

255 3598 325 3639 cum
341 3572 451 3647 habet,
477 3567 587 3630 namsi
611 3577 746 3633 terrain
787 3573 881 3647 clam,
909 3591 940 3635 et
961 3574 1044 3658 quali
1057 3599 1115 3658 per
1137 3578 1277 3638 fraudem

254 3678 415 3761 puluerem
430 3674 573 3746 soluitur,
602 3694 669 3734 non
692 3674 745 3735 de·
786 3691 818 3735 et
838 3675 957 3736 insidias
986 3679 1118 3753 faciunt,
1159 3679 1277 3764 ltneque

253 3779 347 3843 hiscit.
408 3776 586 3858 Respondet
613 3798 673 3837 vox
704 3777 747 3862 τῷ
786 3782 908 3839 ratione
931 3780 1061 3841 eludunt
1088 3803 1218 3864 operum
1245 3797 1277 3844 et

247 3877 446 3964 solidanda,
488 3901 529 3939 ne
557 3879 652 3940 solum
670 3881 745 3961 pul·
785 3901 890 3940 curum
921 3883 1082 3963 agricolae.
1140 3890 1277 3965 exiguus

253 4005 332 4047 vere
349 3982 510 4062 fatiscat,
532 3981 683 4056 soluatur,
708 3988 742 4043 ln
784 4004 873 4052 mus,
906 4003 974 4044 non
994 3986 1033 4046 de
1048 4003 1132 4048 certo
1150 4010 1275 4072 genere,

252 4089 412 4174 puluerem
447 4100 630 4145 attenuetur.
691 4088 741 4145 Sic
780 4085 832 4146 sed
842 4083 884 4146 est
898 4087 1061 4167 epitheton
1074 4111 1198 4154 ornans.
1217 4113 1277 4175 po·

254 4194 314 4254 Ge.
327 4189 367 4265 11,
382 4195 443 4270 ²49
479 4187 573 4248 lraud
592 4208 739 4269 unquam
768 4188 853 4266 suit,
865 4208 987 4272 ponere
998 4191 1085 4256 solet.
1108 4196 1179 4275 184
1192 4215 1278 4280 quae
