2692 4914
890 142 939 203 {a

322 308 371 395 56
530 321 571 393 P.
595 317 845 416 vmcitu
874 318 1134 395 nunonis

320 507 409 585 Sole
429 503 493 579 sub
517 505 665 580 ardenti
683 474 857 612 resonent
877 502 1023 580 arbusta
1044 504 1195 582 cicadis.

251 675 253 680 ·
320 647 458 718 Nonne
480 640 550 714 fuit
576 638 702 732 satius,
734 637 851 714 tristes
875 640 1110 734 Amaryllidis
1135 645 1208 714 iras

320 779 445 878 Atque
461 773 615 876 superba
629 779 709 875 pati
724 771 890 847 fastidia?
916 801 1046 850 nonne
1060 775 1229 850 Menalca

321 914 503 1008 Quamuis
525 908 589 982 ille
611 913 732 1008 niger,
777 915 947 1008 quamuis
970 929 1013 982 tu
1044 908 1227 985 candidus

305 1048 358 1121 ·O
372 1041 533 1119 formose
553 1068 664 1143 puer,
705 1046 864 1115 nimium
892 1070 941 1118 ne
964 1044 1080 1121 crede
1103 1043 1229 1119 colori

319 1179 416 1252 Alba
437 1175 584 1278 ligustra
604 1174 761 1268 cadunt,
799 1183 967 1257 vaccinia
989 1185 1096 1280 nigra
1121 1179 1229 1278 legun

321 1378 414 1432 guercz
448 1359 490 1411 At
502 1369 559 1418 me',
584 1375 646 1410 cum
659 1365 800 1409 raucis-
813 1359 939 1421 cicadis,
960 1360 1094 1430 resonant
1109 1354 1227 1428 arbusta

229 1519 232 1521 Β
319 1447 340 1505 Ι,
356 1447 381 1499 6.
453 1453 485 1511 14
503 1445 602 1496 melius
622 1442 742 1503 zulich..
769 1462 800 1495 cx
817 1444 1040 1517 interpretatione.
1123 1445 1153 1497 15
1172 1445 1229 1494 Mei

320 1531 406 1585 Pierio
430 1548 461 1585 ex
481 1529 588 1602 optimis
608 1527 836 1590 commendatum,
867 1531 1037 1584 aPulmann.
1057 1526 1220 1583 Commelin.

322 1630 441 1688 ceptum
471 1613 515 1666 ulii
536 1614 710 1667 Menalcam.
752 1615 783 1666 ln
804 1615 844 1668 hia
865 1616 943 1688 igitur
963 1634 1055 1690 graeca
1075 1613 1227 1669 terminatio

321 1697 459 1774 quifiuora-
472 1698 562 1754 habita
584 1697 629 1754 est.
654 1718 677 1752 v.
699 1698 778 1752 advi.
799 1718 821 1753 1.

310 1855 401 1916 ¹Iuno
429 1854 662 1915 adveneram:
692 1874 819 1914 mecum
860 1855 1021 1938 neglecta,
1073 1856 1217 1938 adeoque

323 1961 387 2018 erit
400 1955 458 2034 iste
472 1957 589 2017 labor:
617 1961 675 2018 erit
696 1956 752 2017 tibi
774 1958 818 2017 la·
859 1961 1014 2017 vaccinia
1029 1961 1126 2037 nigra
1143 1956 1205 2020 effe
1224 1981 1229 2016 t

321 2059 382 2121 bor
394 2058 517 2118 hicvna
532 2080 673 2138 mecum3
692 2080 743 2119 me
757 2080 818 2119 vna
859 2059 970 2122 florem
986 2083 1056 2121 cum
1070 2057 1229 2146 hyacinthi

322 2177 424 2223 tecum
444 2160 643 2223 allaborante.
694 2162 732 2220 In
753 2162 817 2221 aliis
860 2168 954 2245 gineo
976 2165 1099 2236 colore,
1126 2163 1229 2223 satist

321 2264 456 2326 locisres
471 2261 514 2323 eli
528 2268 664 2343 apertior
677 2262 817 2324 vtstatim
859 2270 941 2326 inter
967 2271 1048 2326 viros
1079 2266 1198 2325 doctos.
1223 2287 1229 2312 ¹

321 2367 376 2427 inf.
399 2365 439 2426 vi.
461 2369 499 2428 31
539 2369 671 2426 Mecum
689 2387 758 2425 vita
781 2369 817 2425 ia
861 2368 970 2440 Cardu.
997 2368 1034 2427 cf.
1053 2368 1107 2426 inf.
1128 2388 1157 2427 ν.
1171 2370 1224 2430 63.

316 2467 413 2545 siluis
439 2468 612 2527 imitabere
637 2471 734 2527 Pana
763 2490 817 2526 ca·
859 2471 928 2529 coll.
958 2468 1092 2530 Theocr.
1124 2469 1215 2552 Idyll.

321 2568 442 2642 nendo,
459 2590 518 2629 vna
533 2592 664 2644 mecum,
676 2558 739 2654 ¹qui
754 2570 817 2652 ipse
858 2566 918 2636 Kal
939 2566 974 2634 td
993 2572 1036 2635 iou
1049 2573 1152 2649 μέλαν
1165 2572 1229 2635 turi

322 2678 435 2734 imitor.
460 2673 553 2754 Apud
566 2674 674 2734 Horat.
685 2672 817 2748 ficcol-
859 2669 982 2758 γραπταὶ
1011 2669 1161 2745 ὑάκινθος.
1214 2676 1229 2736 (

321 2777 387 2856 liga
407 2795 543 2834 mecum.
584 2777 705 2837 Eodem
724 2781 816 2860 igitur
862 2779 939 2849 183,
970 2775 1022 2835 vbi
1045 2778 1198 2837 Martinus
1226 2816 1229 2835 t

321 2879 418 2940 modo
433 2875 463 2936 h.
478 2877 646 2956 larbusia
661 2880 816 2957 resonant
859 2879 950 2937 titum
966 2895 1130 2959 poetarum
1144 2879 1229 2939 lilim

270 2964 291 2995 ’λ
319 2980 444 3043 cicadis
467 3001 603 3055 mecum,
632 3002 682 3042 ma
704 3002 817 3043 canen·
860 2980 920 3039 bus
933 2984 1076 3063 reflexis,
1089 2981 1152 3043 siue
1161 2985 1229 3041 Mas

321 3102 370 3156 te;
400 3084 543 3145 resonant
567 3082 686 3148 arbusta
717 3100 748 3144 et
776 3088 818 3144 ci·
859 3086 939 3145 forte
960 3087 992 3143 id
1013 3106 1128 3168 genus,
1152 3088 1229 3168 quot

291 3208 294 3219 ·
319 3189 400 3248 cadis
415 3183 618 3266 strepentibus
639 3201 671 3247 et
692 3207 742 3246 me
757 3207 816 3245 vna
859 3189 927 3245 rial
959 3190 1141 3266 Martagoa
1178 3209 1229 3270 ap}

320 3305 461 3351 canente.
518 3292 564 3349 15.
601 3310 712 3347 nonae
745 3291 816 3346 Mc·
864 3291 1015 3368 filulisclt
1035 3288 1151 3357 Bund,
1178 3287 1229 3351 elli

306 3392 466 3450 malcan?
498 3409 606 3449 nonne
633 3395 698 3471 pati
725 3375 814 3451 satius
858 3409 890 3453 et
924 3399 989 3453 eius
1024 3390 1159 3475 effigiem
1203 3413 1229 3473 a}

220 3555 222 3561 a
317 3509 385 3556 crat
393 3490 555 3552 Menalcae
569 3487 708 3552 fastidia?
729 3495 815 3576 quod
857 3495 1015 3557 Salmalius
1031 3496 1070 3556 ad
1079 3496 1176 3554 Solia.
1192 3515 1229 3577 pa

306 3619 345 3658 ιν.
362 3595 403 3678 sq.
421 3593 626 3656 confirmatur.
669 3597 743 3654 Erat
765 3595 814 3656 hic
854 3599 1058 3677 gladiolum,
1085 3597 1177 3657 nobis
1191 3598 1229 3657 Sc

316 3701 423 3762 colore
452 3697 536 3758 fusco
564 3713 597 3759 vt
628 3718 724 3759 verna
749 3705 813 3758 ruri
856 3704 943 3770 lilia,
972 3700 1103 3783 intelligi
1124 3716 1229 3761 contet

305 3819 416 3866 natus.
856 3803 969 3864 caullas
1019 3803 1157 3863 breuiter
1204 3823 1229 3863 rt

383 3927 429 3988 ¹7·
467 3924 511 3961 nc
533 3899 647 3975 crede,
690 3901 811 3963 confide
853 3907 976 3968 Ruaeus
992 3906 1032 3965 ad
1045 3905 1109 3966 Ecl.
1124 3863 1229 3976 lilfda

304 4013 443 4074 termae.
488 4007 611 4065 Seruius
637 4003 810 4066 eSnllustio
852 4028 938 4067 nunc
962 4007 1124 4068 Schreber.
1154 4006 1229 4067 nd‘·

313 4115 433 4174 laudat:
456 4111 585 4172 Virtuti
595 4108 685 4184 satis
701 4107 811 4167 crede·
852 4111 894 4182 X,
920 4112 969 4174 28.
1026 4110 1089 4170 Sed
1124 4109 1164 4170 de
1199 4108 1229 4186 lu

302 4216 403 4285 daut.
451 4215 499 4279 18.
517 4211 641 4287 cadunt,
662 4212 810 4274 decidunt
850 4212 959 4274 Italiae
973 4210 1063 4288 flore,
1072 4217 1173 4274 maior
1186 4211 1228 4273 du
