2700 4906
167 329 241 413 464
368 307 971 396 P.v1nc1u111uunours
1087 347 1091 363 ·

54 594 67 619 ο
106 500 108 504 ’
165 517 275 609 Quae
296 511 417 607 grauis
443 503 511 594 est,
541 501 618 604 ipso
642 507 793 576 tacitam
813 499 849 574 se
871 501 1049 600 pondere
1071 504 1204 606 prodit,

41 622 46 629 Ι
165 650 352 744 Quaeque
373 641 479 713 leuis.
531 642 726 730 Prorntum
752 633 803 711 est
825 636 945 710 oculis
974 639 1206 738 praediscere

782 775 939 869 nigram,
1136 774 1204 864 255

162 913 211 987 Et
249 912 331 1008 quis
369 909 430 980 cui
468 903 585 980 color.
650 906 700 977 At
743 902 964 978 sceleratum
1008 911 1206 1008 exquirere

667 1110 673 1126 x
784 1035 899 1136 frigus

162 1171 328 1252 Difficile
353 1167 421 1244 est:
460 1175 592 1272 piceae
616 1191 761 1246 tantum
792 1176 945 1271 taxique
973 1190 1161 1248 nocentes

230 1388 281 1453 254
297 1384 401 1456 prodet
419 1383 515 1440 Medic.
556 1396 662 1457 promte
681 1387 778 1460 Regius
800 1402 826 1439 et
847 1386 943 1440 Cerdu.
993 1394 1119 1440 tacitum
1137 1384 1201 1459 apud

161 1474 278 1528 Pieriunt
302 1470 341 1524 est
364 1472 455 1524 vitium
478 1470 589 1524 Aldinae
620 1472 669 1526 sec.
757 1475 807 1527 255
826 1471 997 1543 praedicere
1023 1489 1142 1545 quatuor
1162 1491 1199 1543 cp.

161 1561 252 1612 Burm.
276 1573 302 1610 ct
318 1556 401 1609 Goth.
426 1577 465 1628 pr.
481 1575 541 1609 cum
552 1558 622 1620 Eis..
644 1578 693 1612 nec
708 1552 923 1611 nonRou'ranus.
962 1544 1140 1629 cognoscere
1154 1559 1200 1611 zu·

160 1643 223 1697 lich.
258 1645 299 1696 ltu
318 1657 345 1696 et
368 1640 428 1696 aiibi
452 1643 500 1696 Ge.
522 1645 543 1704 1,
564 1647 624 1705 252,
645 1647 687 1698 51.
761 1645 813 1700 256
829 1646 867 1697 Et
888 1651 1017 1716 quisqam
1044 1646 1135 1697 color.
1173 1659 1200 1696 ιι

161 1725 222 1784 edd.
236 1728 314 1782 Aldd.
330 1728 430 1800 primae
446 1744 472 1782 et
486 1728 548 1780 hinc
562 1730 707 1801 proiectae,
728 1727 802 1782 etsie
817 1727 915 1782 Medic.
934 1747 999 1781 um.
1017 1729 1068 1783 sec.
1086 1746 1114 1784 et
1129 1728 1198 1803 pleri-

160 1835 213 1889 que
232 1833 342 1883 omnes3
364 1815 443 1867 etium
463 1813 553 1868 nostri.
587 1815 714 1868 Defendit
732 1816 784 1867 hoc
798 1814 986 1867 Seruianorutn
1010 1831 1115 1869 auctor.
1150 1817 1196 1868 Seu

160 1909 289 1974 quisquis
311 1899 352 1952 ed.
372 1900 440 1953 Veu.
481 1902 518 1953 Et
539 1908 600 1970 quis
623 1909 668 1953 cui
693 1909 754 1952 clue
781 1902 862 1953 color
881 1901 1033 1954 Romanus.
1081 1903 1123 1956 Er
1141 1907 1196 1971 quit

161 1997 264 2059 cuique
283 1987 379 2038 color:
415 1985 642 2054 arsceleratum,
668 2001 694 2039 vt
711 1984 748 2039 est
762 1986 790 2038 in
804 1985 903 2038 Medic.
925 2005 991 2039 ctu.
1005 2006 1067 2058 pu,
1097 1987 1126 2040 iu
1144 1985 1193 2037 niiit

160 2090 203 2144 ap.
220 2071 350 2129 Pierium,
376 2086 402 2123 et
415 2071 443 2122 in
455 2089 507 2122 vno
521 2071 627 2134 Meud.;
659 2087 759 2124 etcum
772 2071 871 2124 versum
891 2070 1054 2125 labefactum
1071 2070 1191 2130 viderent,

159 2164 240 2214 color
259 2170 361 2208 mutato
380 2154 408 2206 in
429 2157 523 2214 colos,
544 2156 769 2228 quemadmodum
784 2158 861 2209 Pierii
877 2158 1016 2213 Mediceuc
1031 2158 1128 2217 habet,
1152 2170 1191 2209 tut

40 2285 47 2301 .
159 2240 262 2295 excluso
286 2255 316 2291 at
334 2238 431 2291 lectum
446 2236 495 2291 esso
515 2239 542 2290 in
561 2243 673 2313 antiquis
692 2241 778 2303 libris,
799 2258 871 2313 petet
890 2244 1069 2306 eSeruianis,
1095 2242 1189 2297 zulich.

158 2342 185 2380 et
206 2345 256 2377 vno
277 2322 399 2376 Arundes.
436 2322 542 2376 Scilicet
561 2327 598 2378 Et
620 2335 682 2397 quit
703 2324 748 2379 'cul
770 2330 863 2389 color,
885 2328 959 2399 quod
968 2329 1124 2400 Naugerius
1136 2326 1187 2382 ΛΜ.

157 2427 215 2470 tert.
238 2408 397 2470 adsciuerat,
431 2407 494 2470 inde
514 2411 617 2463 Manui.
640 2411 799 2464 Commeliu.
823 2412 982 2476 Pulmann„
1023 2435 1084 2469 vera
1103 2414 1186 2474 lecum

156 2496 283 2566 reperitur
303 2493 348 2546 issa
370 2495 397 2544 in
416 2493 525 2545 Mentel.
548 2515 617 2567 pua
639 2516 673 2547 m.
698 2517 735 2569 pr.
788 2506 847 2560 cui,
880 2518 929 2572 pro
951 2501 1118 2573 cuicunque,
1142 2497 1183 2551 tid.

154 2585 244 2640 Burm.
313 2582 363 2650 257
380 2593 489 2632 tantum
501 2588 603 2652 piceae
614 2584 710 2635 Morct.
726 2581 775 2635 sec.

155 2774 210 2832 ari
223 2774 281 2839 tis,
308 2791 385 2850 pro,
413 2768 515 2834 herbis
532 2772 653 2855 surgen.
695 2770 836 2852 adeoque
875 2769 1084 2844 detestabilis,
1124 2792 1182 2833 exe·

158 2875 249 2955 tibus,
270 2874 406 2935 vtSeru.
694 2874 832 2933 crendus.
875 2874 922 2932 ltu
940 2875 1032 2956 saepe
1050 2876 1114 2956 ipse
1128 2877 1182 2935 Ma·

222 2981 294 3055 254.
324 2981 394 3039 255.
431 2974 502 3041 256.
545 2975 651 3035 Solum
693 2996 739 3035 ro.
772 2979 849 3036 Aen.
871 2977 932 3049 111,
954 2975 999 3039 60
1022 2980 1180 3055 scelerata

156 3103 251 3165 graue
277 3101 316 3140 an
338 3081 425 3150 leue,
470 3081 592 3161 nigrum
612 3096 652 3136 un
694 3091 794 3136 terra.
824 3079 970 3157 v11,461
991 3081 1178 3158 samsucio

155 3185 218 3245 elio
244 3182 365 3254 colore,
399 3179 463 3261 ipso
490 3181 651 3239 oculorum
693 3178 780 3237 belli.
802 3180 870 3238 odd.
882 3181 922 3253 11,
940 3185 1014 3243 251.
1037 3186 1176 3265 X11,949.

155 3285 207 3345 vsu
224 3281 425 3365 cognoscitur.
464 3283 600 3339 tacitam
608 3280 652 3358 se
692 3280 800 3341 Subest
821 3282 890 3341 sune
912 3287 1004 3345 notio
1026 3303 1129 3346 reatus
1149 3302 1175 3343 ex

151 3384 291 3471 prodier
347 3386 468 3463 poetica
509 3388 649 3454 ratione,
692 3383 820 3456 scelere,
845 3387 941 3445 caede
964 3386 1059 3449 etsie
1079 3405 1173 3471 porro:

153 3489 247 3571 vulgo
271 3487 406 3558 diceres,
442 3487 565 3551 tacite,-
606 3500 647 3558 et,
690 3507 807 3558 verum,
841 3486 891 3546 vbi
914 3490 953 3548 de
976 3506 1075 3570 poete
1097 3487 1172 3551 etde

94 3658 96 3662 ¹
152 3611 212 3674 pro
236 3587 384 3649 nduerbio
412 3591 515 3646 tacita
542 3587 648 3667 prodit
690 3587 828 3669 epitheto
844 3594 1014 3671 quaeritur,
1034 3596 1070 3654 in
1084 3609 1171 3675 etymo

152 3694 182 3755 se
211 3709 307 3766 terre,
351 3695 485 3774 argutius
509 3694 647 3749 tacitam
688 3712 754 3752 non
774 3693 844 3751 licet
857 3689 1004 3768 haerere,
1032 3699 1078 3756 ita
1099 3710 1128 3753 vt
1145 3689 1170 3750 st

140 3796 194 3878 se.
239 3796 285 3856 Cs.
306 3795 426 3857 Colum.
443 3794 483 3866 11,
499 3815 529 3866 2,
552 3796 588 3856 15
603 3793 644 3876 sq.
687 3794 801 3868 solum,
824 3795 909 3876 quod
933 3812 1056 3858 enecet.
1103 3794 1170 3856 Tati

193 3900 385 3964 256-258.
423 3897 544 3980 Frigida
565 3913 644 3957 terre
688 3913 740 3957 aut
759 3914 875 3957 certum
892 3918 990 3979 genus
1008 3901 1168 3982 intelligen-

150 4005 190 4067 ad
227 4002 473 4088 cognoscendum
515 3997 643 4061 difficilis
687 4001 776 4074 dum,
799 4014 850 4058 aut
864 4000 924 4060 alio
939 4000 994 4059 sub
1010 4005 1098 4064 caeso
1116 4020 1166 4061 me·

151 4106 204 4170 est.
237 4108 441 4188 sceleratum
460 4125 518 4185 pro
535 4107 639 4177 noxio,
685 4109 730 4187 gis
743 4107 834 4163 noxia
849 4107 913 4162 eius
927 4119 1041 4164 notura
1056 4103 1116 4165 eise
1131 4101 1166 4161 so-

149 4229 182 4272 tt
206 4231 369 4274 venenum.
434 4208 481 4269 Ita
504 4210 640 4287 impiusr
682 4210 733 4268 set.
777 4207 827 4266 De
840 4227 887 4278 ca,
909 4209 984 4268 item
999 4208 1040 4269 de
1054 4203 1164 4267 hedera
