2692 4914
160 311 192 368 x
423 317 426 322 ·
466 290 869 383 <PRAEFATIO

162 485 431 612 emplarium
445 510 715 613 apparatum
730 489 785 579 iis
799 483 1080 582 vendiderat:
1098 519 1192 614 quo

161 650 228 743 itti
247 654 295 743 in
314 650 492 745 lucrum
512 649 639 745 suum
655 649 792 767 verso,
819 684 944 745 noua
964 651 1192 781 exempla-

160 821 230 912 ria
245 821 362 946 typis
378 817 675 932 excuderunt3
703 842 802 912 tum
816 815 1052 949 Fritschiuo
1067 817 1192 945 apud

159 981 203 1078 se
222 983 444 1098 decreuit,
474 983 575 1112 post
599 1008 826 1078 certontm
856 1015 1082 1077 armorum
1114 961 1192 1076 de-¹

129 1261 131 1265 Α
161 1145 337 1243 cursum
351 1148 615 1264 editionem,
641 1183 833 1276 eamque
852 1149 997 1296 multo
1012 1148 1192 1279 elegan-

160 1317 325 1408 tiorem
344 1345 399 1407 ac
419 1312 784 1440 splendidiorem,
815 1347 999 1443 parare,
1030 1337 1081 1409 vt
1102 1313 1192 1409 hoc

159 1479 368 1607 exemplo
391 1479 630 1595 constaret,
670 1514 757 1575 nec
786 1505 881 1576 arte
905 1504 952 1574 et
976 1479 1192 1573 industria

162 1625 415 1740 Germanos
451 1644 606 1776 Anglis
643 1645 823 1762 cedere,
860 1678 949 1740 nec
976 1642 1192 1775 generoso

156 1809 278 1907 sensu
304 1810 541 1938 laudisque
568 1813 734 1929 studi03
783 1814 875 1906 line
903 1811 1116 1939 improba
1144 1832 1191 1903 et

81 1945 84 1952 ’
156 1975 335 2072 sordida
366 1977 481 2073 lucri
516 1979 741 2073 auiditate.
833 1975 1191 2104 Obsequendum

157 2145 267 2238 duxi
283 2143 458 2270 optimo
474 2146 591 2238 viro:
632 2175 828 2270 cumque
842 2142 1081 2237 nouillima
1096 2145 1191 2236 iam

155 2314 274 2404 vitae
290 2306 429 2437 spatia
444 2308 654 2441 ingrellus
674 2309 879 2405 vltimam
899 2341 1089 2401 manum
1103 2309 1189 2399 im-

154 2474 357 2606 ponendi
389 2475 498 2569 huic
531 2507 698 2604 operae
729 2478 1118 2603 opporurnitatem
1143 2470 1189 2567 se

154 2643 268 2738 mihi
289 2637 450 2735 offerre
471 2642 691 2736 viderem:
722 2640 851 2734 nolui
873 2639 1084 2734 fortunae
1106 2639 1187 2733 de·

153 2806 257 2925 elle,
295 2810 549 2933 iterumque
568 2810 807 2901 retractaui
829 2838 903 2922 ea,
935 2835 1052 2933 quac
1068 2836 1184 2898 ame

78 3009 81 3013 ¹
151 2980 202 3068 in
224 2975 462 3107 Virgilium
491 2969 652 3101 scripta
685 2967 837 3089 edent,
884 2971 1188 3099 inprimisque

150 3143 295 3272 priori
311 3138 551 3242 volumini,
589 3139 715 3268 quod
733 3139 946 3235 Bucolica
968 3161 1014 3231 et
1034 3140 1184 3232 Geor-

152 3310 253 3440 gica
269 3305 603 3433 complectitur,
628 3329 848 3432 quantum
869 3340 954 3433 per
972 3303 1083 3396 alias
1100 3336 1182 3398 cu-

151 3505 225 3568 ras
259 3471 432 3586 liceret,
475 3470 670 3566 studium
700 3471 887 3598 aliquod
915 3503 1070 3564 meum
1099 3468 1181 3564 ad-

148 3638 260 3754 dixi3
298 3639 522 3766 inprimis,
552 3635 678 3761 quod
706 3637 1036 3767 expectandum
1066 3643 1178 3743 erat,

147 3803 257 3919 fore,
278 3826 327 3900 vt
337 3803 564 3897 redemtor
577 3806 727 3931 operis
743 3805 934 3898 eandem
946 3803 1067 3899 hanc
1081 3803 1178 3899 edi-

146 3974 318 4065 tionem
338 3974 484 4099 pretio
505 3969 752 4066 multorum
771 3970 1058 4068 facultatibus
1077 4003 1175 4065 ma·

145 4141 213 4270 gis
226 4136 571 4234 accommodato
584 4137 790 4240 venalem
811 4140 972 4237 excudi
990 4161 1128 4237 curet
