2692 4914
221 142 293 218 262
561 135 914 213 PROOEMIVM

218 329 309 429 agri
325 323 496 421 fuerant
517 319 651 417 diuisi,
684 319 736 394 ab
758 329 884 422 operis
904 320 1038 419 rustici
1060 321 1246 418 moltfiiis

218 467 256 523 et
282 452 479 522 aerumnis
507 447 727 518 tolerandis
754 446 991 545 alienifftmis
1015 466 1131 520 erent
1159 453 1247 519 ani·

217 577 310 659 mis;
339 571 539 669 frumenti
560 574 698 668 inopia
718 568 769 640 ab
792 597 899 642 anno
923 574 1018 643 inde
1031 571 1253 647 DCCXIII

215 721 367 798 magna
385 694 550 768 ltaliam
570 692 691 789 same
708 690 929 792 afflicerat3
970 701 1148 767 carmine
1170 699 1247 765 ita-

213 846 308 922 que,
356 845 434 918 quo
463 820 574 888 vitae
594 813 763 911 rusticae
785 815 892 889 bona
920 821 1246 890 commendaren-

212 934 298 1021 tur,
337 940 520 1013 delinitos
552 945 706 1012 animos
728 943 788 1011 ad
809 943 1143 1042 agricolationem
1170 942 1246 1012 ad-

213 1038 308 1141 duci
336 1059 464 1164 poffe,
513 1060 693 1160 censutffe
721 1067 1010 1139 Maecenatem.
1079 1066 1244 1137 Funda-

209 1203 385 1262 mentum
405 1203 541 1258 tamen
566 1190 817 1259 coniecturae
842 1190 1033 1261 idoneum
1064 1216 1147 1261 non
1171 1215 1242 1286 ap-

182 1304 342 1414 'paret3
383 1314 480 1410 quin
501 1334 551 1381 ea
573 1335 646 1381 nec
660 1309 765 1406 satis
788 1310 1009 1409 probabilis
1033 1309 1105 1409 ‘less
1126 1313 1241 1381 vide-

204 1453 292 1518 tur,
336 1459 427 1505 cum
459 1459 627 1506 carmini
664 1459 860 1505 maiorem
887 1440 991 1516 vim,
1043 1439 1241 1506 maiorem

205 1563 331 1633 etiam
357 1555 642 1637 celebritatem,
687 1555 856 1636 tribuat,
904 1585 1026 1658 quam
1047 1563 1150 1629 inter
1167 1558 1238 1628 leo-

205 1687 328 1755 mines
350 1681 549 1758 indoctos,
581 1679 759 1776 seroces,
781 1724 783 1730 ·
793 1700 867 1779 per
887 1680 1156 1782 bellorumque
1183 1685 1236 1752 ci·

203 1806 348 1882 vilium
382 1804 586 1875 licentiam
618 1808 768 1902 rapinis
804 1808 997 1906 caedique
1033 1805 1231 1901 adsuetos,

201 1928 286 2001 ullo
316 1928 438 1997 modo
467 1931 668 2024 expectari
689 1925 817 2026 poffit.
881 1932 971 2002 Hoc
994 1928 1109 2025 sorte
1129 1925 1231 2024 fieri

194 2053 350 2155 potuit,
384 2065 448 2127 vt,
485 2075 575 2120 curn
596 2050 725 2121 multa
746 2053 858 2149 apud
878 2056 1154 2125 Maecenatem
1177 2048 1230 2118 de

82 2192 85 2199 '
201 2176 461 2251 detrimentis,
515 2199 621 2272 quae
660 2200 710 2245 esc
746 2176 1016 2273 agriculturae
1042 2170 1226 2271 neglectu

198 2294 438 2395 reipublicae
459 2275 715 2393 inferrentur,
751 2316 790 2370 et
811 2301 862 2370 de
884 2299 1010 2369 modis
1029 2319 1080 2365 ac
1099 2297 1225 2364 ratio-

196 2418 329 2499 nibus,
371 2418 509 2518 quibus
545 2424 584 2492 ei
620 2420 745 2493 honos
774 2421 874 2518 suus
903 2414 1051 2512 restitui
1079 2411 1220 2515 poffet,

197 2545 490 2642 disputarentur
508 2561 546 2616 et
568 2562 797 2645 agerentur,
833 2540 995 2640 Virgilii
1015 2543 1222 2640 ingenium

195 2644 255 2741 ad
273 2667 378 2738 lianc
406 2671 620 2743 materiam
645 2647 859 2762 deferretur
888 2668 1219 2762 excitareturque,

192 2806 238 2862 vt
275 2816 367 2861 eam
409 2795 585 2862 carmine
631 2787 884 2863 tractandam
913 2784 992 2880 sibi
1026 2785 1217 2880 sumeret.

195 2913 393 2988 Carminis
432 2930 567 2986 tamen
611 2913 827 2981 auctoritas
866 2911 978 3010 apud
1012 2912 1217 2982 Romanos

179 3035 269 3133 suit
289 3034 473 3129 summa,
525 3037 760 3131 omninoque
781 3059 831 3104 eac
859 3060 908 3104 ea
934 3033 1112 3131 pendent
1142 3033 1215 3106 Co·

189 3156 352 3232 lumella
387 3175 427 3226 et
453 3159 622 3234 Plinius,
675 3152 841 3249 versibus
871 3176 1027 3255 quoque
1053 3159 1213 3256 integris

189 3279 405 3379 adscriptis.
466 3283 550 3353 Nec
567 3284 715 3350 'mirum
738 3278 836 3366 hoc,·
880 3305 968 3349 cum
989 3283 1212 3352 carminum

185 3401 331 3501 ‘ubique
356 3407 487 3476 maior
508 3407 619 3500 apud
646 3403 787 3503 vulgus
808 3419 846 3474 et
865 3403 1012 3502 politos
1033 3400 1209 3473 homines

183 3531 321 3625 gratia
338 3522 412 3619 sit,
445 3551 583 3634 ἱᾳιιιιηι
606 3530 731 3625 operis
757 3526 1033 3626 philosophica
1049 3524 1207 3622 subtili·

183 3663 268 3721 tate
288 3648 495 3720 elaborati.

264 3772 397 3842 Vnum
413 3770 546 3842 adhuc
563 3770 812 3844 monebimus.
862 3770 1013 3850 Hesiodi
1029 3778 1078 3854 de
1092 3805 1207 3868 opere

181 3891 315 3971 rustico
342 3920 500 3967 carmen
528 3922 555 3967 a
588 3895 756 3995 Virgilio
783 3900 1008 3972 imitatione
1040 3871 1129 4001 effe
1142 3932 1204 3976 ee·

177 4017 367 4120 presum,
420 4019 598 4120 uulgaris
627 4036 665 4091 et
693 4017 870 4119 constans
888 4023 982 4120 sere
1010 4052 1039 4097 a
1067 4030 1202 4101 Seruio
