2692 4914
263 350 341 431 681
466 337 520 410 Ρ.
536 329 792 411 VIRGILII
820 331 1111 410 MARONIS

264 541 439 631 Namque
460 523 555 597 aliae
574 524 678 595 victu
697 521 918 623 inuigilant,
963 541 1008 597 et
1035 519 1193 597 foedere
1211 539 1290 623 pacta

219 731 223 740 .
265 676 497 747 Exercentur
518 661 633 755 agris3
680 683 765 757 pars
788 663 891 730 intra
920 655 1057 760 saepta
1077 658 1262 748 dumorum

267 795 421 881 Narciffi
434 794 638 880 lacrimam,
647 808 685 864 et
697 790 845 864 lentum
860 791 912 866 de
928 798 1085 868 cortice
1098 790 1229 892 gluten,
1246 792 1291 862 161

213 958 217 968 ’
267 942 393 1013 Prima
412 928 507 1002 lauis
530 943 679 1026 ponunt
699 924 942 1018 fundamina,
993 926 1141 1001 deinde
1165 928 1279 1000 tenacis
1329 976 1332 999 .

269 1065 505 1168 Sulpendunt
529 1085 654 1148 ceras3
685 1059 796 1150 aliae,
821 1057 928 1161 spem
950 1065 1101 1160 gentis,
1138 1059 1265 1133 adultos
1329 1040 1332 1049 ¹

269 1204 446 1280 Educunt
470 1194 587 1284 letus5
640 1192 734 1267 aliae
756 1191 950 1294 puriffima
973 1196 1098 1270 mella

271 1340 439 1435 Stipant,
468 1312 506 1403 et
532 1327 677 1429 liquido
704 1324 925 1400 distendunt
946 1351 1114 1405 nectare
1140 1329 1247 1407 cellas

271 1472 382 1559 Sunt,
409 1464 543 1567 quibus
561 1463 611 1535 ad
625 1482 751 1562 portas
765 1460 905 1538 cecidit
926 1463 1109 1538 custodia
1124 1465 1221 1555 sorti,
1246 1460 1294 1536 165

344 1654 393 1707 158
409 1657 516 1704 cletum
528 1662 612 1720 quart.
626 1646 723 1698 Morer.
766 1652 858 1698 victui
881 1644 936 1698 lec.
959 1647 1069 1702 Moret.
1112 1650 1229 1721 vigilant
1246 1642 1296 1713 apti

273 1737 396 1792 Priscian.
416 1735 475 1787 Vll.
524 1732 652 1804 foedere
675 1747 763 1799 parco
794 1732 859 1800 aeg.
886 1731 1007 1785 Martia.
1101 1737 1233 1805 159rxrer
1251 1747 1296 1781 m
1333 1760 1335 1775 ι

274 1823 399 1879 Arundel.
438 1833 512 1873 tecta
536 1816 864 1870 domorumxnusliiead.
952 1820 1004 1872 160
1026 1821 1110 1871 lente
1129 1821 1219 1872 Morer-
1234 1831 1296 1888 quur

276 1913 381 1965 lectum
399 1903 566 1975 longobard.
590 1921 649 1954 cum
672 1901 771 1972 aliquot
786 1900 842 1953 aliis
858 1901 933 1970 apud
951 1904 1079 1956 Pierium
1093 1921 1121 1958 et
1134 1907 1195 1975 Reg.
1208 1901 1297 1959 llm'ffl'·

275 2014 331 2047 non
346 1991 428 2053 male;
447 1989 491 2042 led
506 2006 607 2058 recepta
620 1986 696 2038 lectio
710 1985 747 2038 eli
760 1987 882 2056 pulcrior.
944 1990 993 2042 161
1009 1999 1130 2042 tenacis
1139 1991 1247 2042 Priscian
1255 1985 1297 2046 ΠΙ,

274 2078 404 2133 Rottend.
425 2090 482 2128 terr.
500 2073 571 2127 Gud.
619 2087 732 2124 tenaces
751 2071 784 2122 al.
864 2073 913 2125 162
933 2081 967 2125 in
977 2073 1073 2143 spem
1094 2075 1169 2128 Leid.
1186 2094 1200 2128 ι
1218 2093 1248 2126 ux
1263 2071 1298 2123 loe

274 2163 359 2217 Goth.
375 2161 432 2221 lec,
450 2158 527 2211 mule.
599 2159 646 2211 163
664 2154 808 2226 duriffima
820 2156 920 2208 Medic.
939 2175 955 2209 ι
973 2178 1011 2210 m.
1029 2179 1086 2228 pr„
1107 2162 1185 2213 male.
1216 2164 1298 2229 liqut·

275 2255 318 2300 tia
338 2262 364 2299 et
386 2263 447 2296 mox
468 2244 548 2295 dulci
573 2240 695 2295 distenti.
722 2258 834 2294 nectare
853 2243 958 2294 Seneca
972 2244 1024 2316 Ep.
1042 2247 1090 2312 84,
1111 2241 1297 2305 axente&

275 2331 318 2385 rbi
334 2347 360 2384 et
373 2329 505 2399 sequentes
522 2329 605 2379 versus
623 2331 677 2394 167.
697 2330 751 2381 168.
768 2332 816 2396 169
832 2327 929 2378 iterum
945 2328 1079 2399 appoliti.
1154 2334 1199 2396 161
1211 2344 1298 2381 neum

278 2419 352 2469 telas
371 2415 439 2467 Ven.
512 2414 559 2467 165
578 2411 745 2483 adponam
764 2411 853 2465 tendit
871 2429 939 2464 unus
953 2414 1092 2468 Arundel.
1123 2413 1299 2486 sorrele'ltt

279 2591 348 2651 158.
377 2588 510 2646 Partitae
534 2588 615 2644 inter
640 2583 668 2643 le
694 2604 771 2664 opus
812 2588 873 2643 iarn
897 2588 931 2642 in
955 2584 1105 2647 Heliodo
1127 2588 1165 2652 Θ.
1183 2584 1299 2666 596111.

277 2712 312 2753 ec
328 2707 455 2749 munera
474 2702 558 2746 certo
575 2689 683 2747 ordine
700 2685 772 2763 (hoc
817 2689 885 2747 160.
927 2685 1081 2764 Narcrffi
1137 2690 1298 2749 lacn'mcu,

277 2791 322 2854 est
341 2789 485 2871 foedere
507 2791 651 2871 pacto),
695 2791 771 2848 aliae
813 2802 947 2869 guttam,
993 2806 1127 2863 nectar,
1164 2789 1298 2849 humorem

276 2898 367 2955 victu
416 2892 613 2968 inuigilant,
679 2895 771 2951 victui
813 2889 945 2961 dulcem,
971 2889 1027 2950 leu
1044 2894 1207 2963 melleum,
1226 2907 1298 2972 quen

278 2996 475 3080 quaerendo,
512 2993 582 3053 cibo
603 3013 773 3075 congeren·
813 2994 890 3049 imus
917 2990 1039 3052 florum
1071 2997 1163 3078 calyx
1190 2994 1297 3057 exsudat

278 3099 330 3170 dc,
359 3115 486 3177 operam
508 3095 600 3167 dant,
629 3111 772 3154 1111111-
813 3107 878 3152 tum
897 3093 1057 3169 glareae
1080 3097 1201 3172 relina,
1232 3113 1297 3176 gum·

276 3215 394 3261 centur
421 3199 531 3274 agris,
582 3197 714 3256 discursu
740 3210 773 3256 et
813 3198 871 3266 mi,
894 3200 1060 3256 corticum.
1127 3203 1195 3262 161.
1211 3197 1297 3276 sauia

275 3306 439 3384 vagatione
458 3314 615 3370 vexantur,
642 3298 772 3379 latigan·
814 3296 928 3356 cellulis
944 3300 1011 3358 mel
1027 3306 1212 3381 recepturis,
1232 3301 1295 3379 sur·

276 3419 336 3474 tur,
359 3422 416 3482 per
433 3421 541 3481 agror;
567 3421 646 3482 quae
660 3402 772 3460 Graeci
812 3396 961 3466 damna,
981 3403 1160 3481 propolin:
1181 3402 1235 3462 viri
1249 3398 1294 3475 sup.

275 3526 334 3587 per
358 3504 512 3574 medium,
541 3523 597 3563 nos
614 3507 771 3582 reciproce
813 3499 852 3558 ad
873 3520 901 3560 v,
922 3514 975 3576 4ο.
1029 3508 1092 3580 164
1126 3501 1293 3562 distendunt

276 3608 484 3687 exprimimus,
506 3620 650 3665 exercent
664 3603 703 3663 se.
737 3617 771 3663 vt
811 3616 946 3660 nectare
985 3605 1110 3677 cellar,
1165 3609 1293 3669 ornatius,

276 3709 367 3789 saepe
404 3708 550 3765 exerceri
591 3704 770 3773 laboribus,
811 3723 922 3786 quam,
973 3706 1123 3784 replent,
1176 3707 1292 3786 explruu

278 3833 387 3895 opere,
417 3811 556 3879 dicimur,
585 3809 669 3890 quod
693 3825 770 3869 trac·
810 3825 883 3865 nam
911 3809 1069 3868 maiorem
1093 3809 1292 3870 abundantia!

274 3929 383 3976 temus.
441 3910 584 3968 Habebat
613 3909 663 3969 hic
697 3925 769 3970 ante
810 3908 1045 3987 repraesentare
1062 3912 1290 3976 animoadeur,

275 4017 381 4077 oculos
407 4029 502 4094 poeta
523 4009 645 4073 Aristot.
672 4013 710 4076 H.
732 4015 768 4074 Λ.
811 4009 897 4091 quod
913 4009 994 4071 adeo
1017 4015 1201 4075 cellularum
1216 4014 1290 4071 laren

274 4117 332 4191 lx,
353 4126 405 4196 40,
428 4135 496 4197 pag.
513 4118 666 4195 94611111.
719 4115 771 4172 Li·
812 4128 932 4174 tumere
975 4115 1082 4177 faciet.
1148 4109 1289 4175 discenda

273 4236 353 4281 neae
396 4233 499 4279 eutem
540 4216 611 4279 lunt
656 4215 769 4279 ductae
798 4215 906 4300 spicis
925 4215 1053 4279 horrea
1071 4218 1177 4303 plena
1194 4217 1288 4278 Com?
