2692 4914
128 322 472 399 GEORGICON
504 318 932 421 ntss.111,397—to5
1006 323 1079 401 621

137 513 264 588 lucem
285 529 485 613 exportans
505 481 659 586 calethis
679 507 757 582 adit
780 509 920 610 oppida
939 507 1082 613 pastor5

133 652 250 750 parco
278 648 351 723 sale
374 654 616 748 contingunt,
660 643 856 748 hiemique
877 668 1079 748 reponunt.

128 810 166 859 ec
185 784 253 866 ¹tibi
275 811 366 860 cura
391 810 528 860 canum
548 781 663 855 fuerit
682 778 885 881 postremas
924 781 988 858 sed
1007 769 1081 860 vnit

128 925 186 995 »cis
201 923 357 1026 Spartae
379 919 522 994 catulos
541 941 743 1017 acremque
757 913 960 992 Moloffum
1001 920 1078 1007 405

128 1138 154 1173 >a
174 1122 229 1174 Sub
245 1122 309 1174 luce
322 1119 449 1175 Rottend.
464 1134 523 1174 tert.
560 1132 712 1189 exportant
724 1117 871 1183 Romanas,
887 1119 987 1176 Medic.
1003 1121 1076 1179 Gari.
1178 1165 1183 1172 .

128 1205 201 1258 sultis
216 1205 315 1277 scriptis
329 1223 355 1261 et
369 1207 462 1269 editis;
487 1206 566 1260 etiam
578 1221 689 1277 vtroque
703 1202 807 1266 Goth„
825 1203 890 1258 item
903 1222 964 1261 vett.
982 1209 1078 1264 Gram-

149 1307 228 1362 etque
248 1293 283 1345 ita
304 1291 364 1344 illar
414 1292 478 1344 adit
502 1289 611 1362 oppida
632 1288 746 1361 μψστ,
787 1288 945 1345 secernenda
965 1290 1024 1348 iunt
1043 1296 1078 1350 ab

128 1375 258 1429 dentibus.
295 1377 367 1431 Alios
382 1378 458 1430 video
480 1376 651 1447 distinguere:
693 1373 774 1446 quod
791 1401 827 1416 ·-
847 1376 981 1441 cadente,
1018 1382 1075 1436 Sub

150 1461 203 1525 (sc.
223 1468 381 1535 premunt):
426 1477 581 1534 exportans
601 1460 724 1516 calathis
749 1459 814 1514 adit
838 1463 947 1533 oppida
965 1467 1072 1536 pastor.

129 1563 184 1599 ram
209 1566 317 1602 noctem
344 1548 423 1602 caseis
448 1546 598 1622 premendis
624 1547 763 1618 exigerent.
851 1549 903 1616 403
927 1551 965 1604 Vt
981 1570 1072 1622 parco

128 1635 160 1688 ιδ.
180 1634 229 1687 sec.
278 1638 324 1687 Ae
341 1654 430 1706 parce
452 1653 496 1707 qu.
518 1634 615 1688 Moret.
665 1641 833 1705 contingant
854 1632 949 1707 abique
968 1635 1072 1709 legitur,

127 1739 162 1772 tm
183 1729 379 1792 contingerunt.
408 1720 441 1775 cf.
455 1722 538 1786 Not.;
557 1735 583 1773 vt
598 1717 708 1772 necini.
723 1721 775 1786 448
799 1720 983 1790 Auttonsum
999 1722 1074 1794 trrfli

128 1822 203 1877 rgunt
225 1825 326 1877 carpus
346 1825 471 1862 amurca.
540 1807 593 1876 406
612 1803 1072 1877 actumquaM01011terR0ttend.

128 1891 175 1944 iam
194 1891 309 1946 scribunt
331 1891 447 1966 plurimi.

128 2081 171 2139 tt,
216 2083 248 2128 et
283 2066 409 2149 quidem
449 2086 533 2126 com·
570 2065 684 2145 pillis:
748 2063 921 2146 Implebit,
981 2065 1074 2151 quod

128 2188 159 2227 m
199 2184 230 2228 et
261 2157 451 2240 durabilem
499 2182 533 2228 vt
574 2164 794 2249 meffestuats
828 2170 936 2244 Mane,
957 2173 1070 2255 inquit,

128 2293 140 2330 n
161 2276 265 2352 priore
280 2273 350 2332 loco
367 2295 395 2333 v.
410 2265 531 2351 401'de
573 2270 678 2352 mulge
694 2291 786 2342 oues;
813 2272 964 2351 implebis
979 2274 1072 2358 quod

128 2416 137 2446 ,
178 2377 231 2457 qui
252 2365 360 2433 recens
382 2373 531 2435 consumi.
572 2372 669 2452 mqffe
680 2371 793 2454 flrtat,
822 2375 869 2436 Iac
887 2373 1015 2440 hebebis
1036 2384 1071 2443 in

132 2476 219 2558 loqui
241 2476 371 2536 videtur.
415 2478 466 2537 Sic
486 2475 530 2537 se·
570 2472 736 2535 meiiornm
755 2476 837 2538 viam
856 2481 1009 2544 interdiu:
1035 2498 1070 2545 vt

128 2579 257 2660 :xpedita
304 2581 353 2640 ies
398 2580 527 2640 videtur.
571 2598 621 2659 ep.
643 2580 808 2641 Maronem
829 2586 862 2641 in
882 2583 989 2646 vrbem
1016 2608 1069 2647 ex·

136 2703 239 2757 parco
258 2682 354 2760 sale,
400 2686 471 2765 quia
495 2696 528 2741 et
569 2695 720 2761 portetur.
773 2683 820 2743 Ita
849 2686 934 2746 nulla
961 2709 1068 2750 emen-

128 2810 131 2837 »
159 2785 238 2864 sale
271 2785 376 2845 imbui
415 2782 525 2865 potest.
569 2783 696 2844 datione
717 2784 837 2867 indiget
857 2786 954 2850 locus.
1012 2811 1068 2849 aa·

128 2889 248 2950 Colum.
264 2889 333 2963 VH,
348 2892 379 2962 8,
395 2891 425 2950 5.
446 2888 525 2949 lbid.
568 2885 670 2944 lachis
684 2889 835 2965 vimineis,
856 2904 891 2950 vt
912 2891 1000 2973 (iope
1017 2895 1065 2957 16.

130 2992 243 3070 caseus
264 2993 377 3069 rursus
397 2989 525 3052 torrido
568 2987 712 3051 vitilibus.

128 3096 349 3172 contingetem
390 3111 423 3154 vt
445 3096 525 3156 adeo
626 3100 692 3171 404
705 3090 768 3174 sqq.
783 3126 823 3143 -
840 3095 915 3172 413.
951 3097 1066 3159 Proce-

128 3212 226 3276 rgrmt
271 3193 332 3257 elie
383 3198 526 3259 videatur
568 3193 613 3254 dit
630 3195 669 3254 ad
686 3215 790 3254 curam
810 3216 930 3258 cenum.
974 3200 1067 3262 Prae·

128 3303 362 3379 contingerunt,
410 3323 425 3360 a
461 3304 525 3360 tira-
567 3301 668 3358 iuerat
696 3301 758 3357 iem
788 3296 939 3361 Hefiodus
966 3291 1064 3388 Ἔργ,

144 3419 208 3477 sut,
233 3419 264 3463 vt
282 3418 400 3464 veteres
417 3404 526 3466 scribe·
569 3403 640 3480 604.
677 3404 751 3464 605.
812 3406 955 3483 proximo
991 3406 1064 3469 loco

159 3510 335 3593 tinguant,
376 3508 524 3588 Calpurn.
567 3505 668 3565 Varro
690 3504 730 3578 11,
752 3525 781 3586 9.
807 3504 876 3568 add.
899 3506 1063 3570 Coluinell.

128 3663 129 3668 ,
159 3610 339 3692 rursusque
352 3625 525 3690 premetur
567 3608 644 3682 VII,
678 3629 725 3669 12.
777 3609 857 3671 Plin.
883 3609 974 3686 VIII,
1013 3633 1062 3688 11,
1099 3636 1103 3644 ·

128 3737 142 3782 ³,
163 3712 256 3796 quod
269 3711 428 3773 occiduae
444 3713 525 3772 mul.
566 3710 644 3775 [δι
663 3711 705 3795 sq.
781 3749 783 3752 ·

128 3817 280 3897 'adegerit
294 3817 405 3876 leorae.
433 3818 524 3898 Quae
608 3817 682 3894 405.
706 3815 866 3894 Spartani
879 3835 978 3875 canes
996 3815 1064 3899 (qui

131 3922 294 3981 tecedunt:
315 3923 366 3981 At
380 3919 413 3996 fi
427 3923 527 4002 forte
567 3938 595 3978 v.
609 3918 672 3994 545
690 3916 894 3998 Atrryalaer),
922 3919 1063 3986 veloces,

132 4066 145 4092 ,
185 4023 263 4082 dum
286 4028 453 4084 matutina
475 4045 526 4083 re·
567 4022 706 4100 inprimis
720 4018 883 4104 sagacitate
898 4020 1062 4081 etodora-

140 4128 281 4208 Frigora
287 4128 354 4205 sol,
390 4125 525 4185 tumidis
567 4139 602 4182 tn
637 4119 843 4204 praestantes,
885 4126 1062 4192 venationi3

128 4249 177 4294 mr
204 4231 268 4294 tibi
291 4231 436 4293 mulctra
463 4251 525 4314 pa-
565 4223 694 4307 Malaffi
711 4241 814 4289 eutem
830 4245 868 4287 ex
879 4225 975 4308 Epiro
991 4245 1063 4286 cum
