2692 4914
680 256 682 258 ,
838 182 896 265 0⁹

251 324 594 401 GEORGICON
615 322 719 397 LIB.
737 322 807 414 IV,
830 322 1043 422 567-574
1117 343 1193 420 729

147 521 202 593 Et
221 519 371 616 gemina
391 531 541 586 auratus
565 514 712 584 taurino
736 536 880 585 cornua
901 509 1007 583 voltu

147 650 353 726 Eridanus:
398 674 476 748 quo
498 673 578 719 non
594 648 687 720 alius
709 672 778 747 per
797 649 950 745 pinguia
972 643 1073 722 culta

147 791 200 860 ln
218 809 320 858 mare
340 806 571 883 purpureum
595 781 797 855 violentior
820 777 937 858 effluit
961 782 1091 850 amnis.
1172 864 1177 871 Ι

147 919 355 1021 Postquam
377 914 489 991 estin
519 914 671 989 thalami
694 915 897 1016 pendentia
921 916 1072 1014 pumice
1092 928 1191 985 tecte

222 1087 270 1156 371
293 1092 407 1138 taurino
423 1102 544 1155 corpore
556 1083 657 1138 Medic.
674 1101 687 1136 ι
703 1102 739 1136 m.
753 1102 793 1153 pr.
822 1084 902 1136 vello
920 1082 991 1135 Gud.
1040 1083 1090 1148 373
1101 1079 1190 1152 effluis

147 1170 296 1226 fecundum
310 1172 462 1225 Romanum
477 1184 502 1221 et
517 1167 619 1240 aliquot
632 1169 708 1220 Pierii
724 1167 818 1229 libros,
840 1170 904 1221 irem
917 1167 1014 1221 Medic.
1032 1169 1120 1228 Gud,
1150 1187 1190 1220 re·
1238 1174 1241 1178 “

146 1256 241 1330 posuit
255 1255 345 1310 Heius.
386 1254 483 1325 influit
504 1253 591 1324 vulgo.
634 1255 737 1322 influat
758 1252 832 1306 Leid.
855 1271 925 1304 ern.
949 1272 988 1324 pr.
1034 1258 1189 1308 violentius

146 1341 227 1396 Tou.
307 1343 360 1410 374
376 1349 450 1396 inter
476 1339 598 1393 thalami
617 1338 720 1392 zulich.
761 1337 951 1408 splendentia
972 1338 1034 1409 legit
1059 1338 1186 1400 Velenus,

146 1428 199 1483 led
217 1427 344 1481 refutatus
358 1445 373 1478 a
385 1424 520 1479 Brouclrh.
539 1424 574 1478 ad
586 1426 706 1498 Propert.
720 1425 767 1486 lll,
782 1442 809 1488 2,
824 1426 866 1486 28,
885 1438 995 1482 notente
1007 1426 1097 1481 Burni.
1136 1444 1189 1501 pe·

146 1522 240 1575 mico,
258 1520 362 1584 punice
381 1510 508 1566 scribitur.
1176 1510 1178 1515 ⁴

146 1675 179 1715 v.
196 1657 270 1734 319.
316 1654 390 1731 371.
410 1651 589 1712 Fluuiorum
607 1649 651 1711 dii
693 1653 748 1733 qui
766 1671 973 1734 purpureum
990 1671 1084 1711 mare
1103 1652 1189 1714 malit

146 1754 299 1817 cornibus
315 1757 441 1814 taurinis
462 1770 511 1814 res
533 1749 650 1814 necilli·
692 1749 753 1813 elle
787 1750 951 1816 albescens.
1002 1755 1084 1816 Sene
1106 1777 1189 1838 pur-

145 1879 213 1919 ma.
255 1856 356 1917 Padus
371 1877 445 1918 vero
461 1855 557 1916 hebet
579 1875 650 1914 cor·
689 1875 812 1935 putens
828 1875 895 1916 non
914 1855 1032 1938 semper
1044 1859 1084 1919 ad
1102 1859 1188 1920 colo·

146 1981 222 2021 nna
247 1974 391 2026 aurata,-
431 1955 494 2019 liue
521 1973 650 2039 propter
690 1978 756 2017 rem
777 1958 924 2028 refertum
960 1980 1067 2020 verum
1094 1965 1188 2022 etiam

146 2062 341 2125 fertilitatem
374 2065 439 2144 egri
471 2061 648 2134 adiacentis,
690 2059 730 2119 ad
764 2059 960 2141 splendorem
986 2083 1023 2122 ac
1051 2066 1188 2124 nitorem

146 2164 414 2246 fiuelimplicirer,
431 2161 504 2246 quia
518 2164 649 2224 deorum
690 2181 864 2243 purpurae,
905 2179 938 2225 vt
960 2165 1038 2227 edeo
1063 2162 1099 2226 sn
1125 2187 1186 2247 pro

147 2267 300 2330 attribute
334 2267 467 2327 lollenni
509 2262 648 2348 epitheto
690 2263 829 2346 fulgens,
860 2269 978 2328 nitens:
1018 2269 1186 2329 etlumen

146 2371 223 2434 sunt
246 2389 361 2430 artrea.
410 2365 503 2449 Apud
521 2368 649 2427 Martia·
688 2388 912 2449 purpureum,
930 2373 991 2431 nix
1003 2393 1186 2454 purpurea.

147 2476 216 2537 lem
233 2474 316 2552 X,7
353 2469 507 2530 cornibus
527 2487 649 2529 arrreus
689 2470 779 2532 Mare
804 2486 908 2533 tamen
935 2495 1127 2556 purpureum
1150 2472 1188 2539 fi·

146 2577 292 2659 receptis
310 2571 438 2635 Rhenus
465 2571 648 2653 appellatur,
689 2573 755 2631 mili
773 2575 870 2637 modo
886 2572 945 2636 elle
961 2579 1185 2658 achpiendum,

145 2680 235 2743 vnde
256 2679 406 2758 Spencius
427 2676 532 2734 locum
554 2670 650 2734 nostri
693 2677 855 2757 exemplis:
900 2676 1011 2739 Catull.
1052 2681 1117 2742 Pel.
1153 2697 1186 2744 et

145 2795 267 2865 poetae
299 2775 468 2842 illustrabat
497 2777 649 2860 Polymet.
691 2777 783 2837 Ther.
820 2782 882 2859 269
902 2808 946 2826 ·-
968 2781 1040 2859 275.
1105 2784 1186 2850 Gell.

148 2883 236 2947 DieL
253 2882 340 2955 XIV,
363 2902 395 2961 p.
412 2880 491 2952 231,
517 2877 570 2939 led
590 2899 651 2937 au-
691 2879 806 2953 xv111,
828 2902 876 2941 11.
904 2882 968 2941 Cic.
982 2883 1038 2943 Ac.
1054 2883 1115 2966 Qu.
1128 2886 1187 2970 lll,¹

147 3008 228 3048 rum
254 2983 297 3045 ibi
326 3005 397 3044 curn
425 2979 570 3042 cornibus
604 2982 650 3041 nil
692 2984 745 3056 55,
767 3003 834 3043 non
853 2982 1021 3046 conficitur.

145 3089 247 3152 habet
269 3105 445 3149 commuue.
500 3084 549 3145 nd
568 3080 648 3143 fidus
758 3088 830 3163 374.
871 3087 1018 3149 Peruenit
1060 3092 1187 3156 tandem

144 3192 296 3263 Eridani,
318 3188 405 3273 quod
427 3206 582 3254 aureum,
602 3188 650 3247 lu·
690 3184 842 3248 Aristaeus
865 3189 905 3249 ed
930 3187 1096 3252 thalamum
1121 3217 1186 3258 ma.

146 3296 272 3366 cidem,
300 3288 352 3362 lit,
376 3305 427 3349 aur
449 3289 488 3349 ad
508 3303 649 3349 ramenta
692 3294 755 3363 tris,
776 3289 959 3371 pendentia
971 3297 1104 3376 pumice
1120 3313 1186 3359 eec-

145 3396 240 3461 fluuii
264 3413 369 3454 ararea
392 3391 547 3452 referebat
575 3391 650 3451 Cer·
691 3408 740 3461 ta,
762 3408 883 3453 antrum
899 3399 1093 3474 pumiceum,
1116 3422 1186 3465 exe.

145 3502 202 3562 da.
245 3490 530 3577 Imperuofiffimum
545 3508 649 3554 autem
689 3493 727 3556 fis
742 3494 833 3569 laxis,
860 3496 899 3557 ad
914 3517 1052 3560 camarae
1066 3522 1187 3568 rnorem

147 3623 277 3666 amnem
304 3600 380 3660 olim
407 3596 525 3658 Pedum
552 3590 649 3667 luille,
691 3617 819 3666 cuneum
835 3614 866 3658 et
879 3600 1081 3676 fornicatum
1110 3629 1185 3691 ergo

146 3727 188 3768 ex
204 3704 270 3766 aliis
284 3702 359 3763 locis
376 3694 569 3760 manifestum
591 3692 651 3774 est;
690 3701 788 3762 latera
804 3714 836 3760 et
851 3698 952 3763 tholus
970 3702 1039 3767 sunt
1053 3714 1186 3790 premiere

147 3810 188 3874 cf.
211 3808 271 3867 Ge.
294 3805 333 3878 11,
349 3805 423 3883 451.
438 3803 513 3881 452,
541 3820 650 3881 quam·
687 3801 868 3884 pendeam·
921 3799 1003 3866 vnde
1044 3817 1185 3890 poeticus
1285 3813 1290 3823 '

147 3932 246 3997 quern
267 3929 350 3969 nunc
372 3910 437 3967 eius
465 3918 577 3965 natura
604 3903 649 3963 di·
690 3903 790 3968 sermo
812 3903 986 3989 exquisitius
1006 3914 1099 3971 etiam
1120 3928 1186 3974 reo·

147 4012 235 4076 versa
249 4007 309 4074 elle
323 4023 476 4072 narretur.
520 4006 594 4082 373.
609 4009 651 4076 ele
693 4022 764 4070 eum
782 4007 932 4090 pendens
951 4016 1084 4093 pumice
1102 4016 1185 4082 dicit.

147 4105 216 4184 ilie
235 4107 487 4200 πορφυρὸεσσαν,
516 4113 651 4192 nigrum,
694 4127 728 4174 vt
755 4114 873 4173 Seneca
902 4113 994 4174 Herc.
1028 4114 1087 4177 fur.
1122 4140 1187 4203 7¹9

148 4235 185 4281 vt
207 4232 330 4281 uotum.
387 4211 440 4278 Est
468 4217 515 4278 vir
546 4213 654 4278 doctus
695 4215 749 4276 laic
775 4214 875 4300 'vaslo
899 4214 1006 4298 specu
1036 4219 1188 4301 pendent
