2700 4906
276 337 526 416 PRIORIS
565 339 876 418 EDITIONIS
999 370 1118 422 xxm

56 545 216 644 antiqui,
252 545 300 614 in
324 539 412 642 ipsts
436 546 515 617 eius
531 542 653 619 verbis
675 549 872 618 innonatio
898 552 1020 621 omnis
1043 557 1114 624 cri-

58 685 122 755 tica
144 704 233 752 non
250 677 375 751 modo
395 678 553 779 periculi
576 698 615 754 et
639 680 881 753 dubitationis
896 677 1009 757 habet
1028 683 1112 783 plu'.

60 821 211 903 timum,
244 837 382 887 terum
406 817 533 902 etiam,
567 814 659 887 dum
683 813 840 888 subinde
855 839 958 887 noua
980 841 1106 891 exem-

62 951 219 1052 plarium
243 946 497 1047 discrepantia
517 946 691 1040 insertur,
734 974 780 1024 ca
801 974 860 1022 res
881 948 966 1048 plus
988 951 1107 1026 mole·

63 1085 142 1160 stiae
164 1107 206 1158 et
232 1081 348 1155 taedii
373 1106 486 1183 quam
500 1062 644 1158 fructus
667 1101 705 1159 et
719 1083 884 1156 Vtilitatis
899 1079 1025 1174 affert;
1067 1104 1105 1161 vt
1141 1177 1145 1184 Ι

63 1221 172 1310 adeo,
209 1242 260 1291 ex
284 1241 363 1318 quo
384 1214 498 1291 lectio
520 1216 676 1293 alicuius
697 1216 883 1319 scriptoris
900 1215 1011 1292 semel
1032 1219 1104 1294 fuit

63 1355 105 1429 ad
126 1351 311 1429 codicum
333 1345 453 1424 fidem
473 1372 649 1430 accurate
679 1351 760 1428 satis
783 1350 997 1443 constituta,
1042 1381 1098 1447 ea,

64 1514 154 1591 quae
176 1484 257 1560 saue
272 1488 414 1585 ingenii
439 1491 612 1560 acumine
631 1485 707 1561 siue
731 1487 907 1564 codicum
924 1512 999 1587 ope
1017 1514 1099 1561 mu-

63 1630 124 1699 tari
143 1617 302 1724 poffint,
351 1617 420 1694 nisr
439 1618 553 1720 ipsam
577 1619 760 1720 scriptoris
783 1620 1000 1696 sententiam
1022 1620 1100 1696 affi-

62 1767 171 1851 ciant,
220 1758 322 1830 notia
352 1773 392 1831 et
425 1751 747 1829 obseruationibus
786 1752 922 1828 seruari
958 1756 1098 1831 malim.

61 1894 231 1995 Virgilius
263 1907 393 1975 autem
421 1916 444 1962 a
474 1892 653 1963 trecentis
685 1887 776 1962 inde
797 1893 906 1964 aunis
926 1907 985 1967 tot
1009 1890 1099 1965 doc·

59 2029 273 2107 tiffimorum
286 2029 453 2098 vitorum
475 2020 592 2095 studia
610 2041 784 2124 expertus
804 2020 864 2114 est,
888 2043 943 2115 vt,
983 2028 1098 2125 inpri-

57 2172 119 2242 mis
142 2159 228 2264 post
248 2156 391 2236 Heinfii
414 2183 459 2233 ac
485 2160 687 2232 Burmanni
709 2184 880 2260 operam,
907 2184 1022 2234 nemo
1043 2157 1097 2233 sa-

58 2301 124 2376 cile
152 2317 235 2370 tam
265 2317 384 2367 vanus
419 2310 551 2366 auctor
579 2299 802 2392 reperiatur,
847 2298 915 2396 qui
944 2319 969 2370 e
991 2293 1096 2372 libris
1206 2391 1208 2394 ,

58 2435 194 2536 scriptis
216 2428 337 2502 multa
364 2425 573 2528 praeclara,
620 2453 718 2528 quae
743 2427 916 2505 nondum
947 2452 995 2503 ex
1015 2428 1094 2506 aliis

57 2569 153 2644 libris
179 2583 315 2640 notata
336 2559 422 2651 sint,
461 2560 633 2661 polliceri
656 2561 761 2645 aurit.
816 2563 935 2638 Aliter
955 2560 992 2637 se
1013 2588 1095 2637 rem

56 2704 193 2781 habere
214 2703 312 2773 noui
329 2702 371 2770 in
390 2694 645 2795 scriptoribus,
685 2723 847 2797 quorum
869 2697 1096 2798 exemplaria

58 2864 172 2941 pauca
195 2851 265 2908 aut
286 2849 416 2908 extant
445 2849 510 2903 aut
538 2830 702 2936 inspecta
725 2830 816 2905 sunt.
885 2833 936 2906 At
960 2856 1094 2907 eorum

57 2973 295 3074 scriptorum,
344 2990 508 3067 quorum
536 2965 690 3040 codices
719 2984 757 3039 et
781 2985 903 3042 aetate
926 2984 965 3040 et
985 2964 1092 3038 boni·

56 3118 129 3183 tate'
141 3099 373 3207 praestantes
395 3125 532 3198 magno
555 3125 714 3174 numero
733 3105 809 3172 iam
830 3098 984 3200 inspecti
998 3097 1090 3189 sunt,

55 3241 200 3319 tatros
235 3235 389 3314 codices
427 3234 596 3334 vulgares
625 3239 918 3336 comparaueris,
969 3237 1091 3307 omnic

55 3375 193 3452 fructus
214 3369 443 3473 plerumque
458 3367 506 3440 ad
520 3365 701 3444 sollennes
719 3388 784 3442 aut
806 3395 928 3442 nouos
945 3393 1089 3444 errores

57 3509 307 3597 librariorum,
334 3522 373 3580 et
391 3508 584 3577 varietates
601 3507 676 3578 iam
689 3503 842 3578 aliunde
855 3523 963 3578 notas
976 3502 1090 3595 redit;

58 3650 103 3720 ita
122 3644 223 3720 male
242 3640 454 3720 collocatur
477 3643 608 3717 otium.
672 3641 819 3741 Itaque,
864 3635 995 3737 liquis
1015 3636 1092 3711 lec·

60 3787 162 3860 tionis
185 3784 409 3856 varietatem
433 3798 480 3849 ex
496 3777 645 3875 optimis
655 3773 763 3848 'libris
785 3774 834 3856 ad
853 3769 1017 3845 nostrum
1036 3796 1093 3844 vs·

64 3943 130 4021 que
155 3937 307 4020 tempus
335 3909 505 4009 Vndique
535 3906 747 4010 congestum
775 3905 999 3998 confideret,
1044 3903 1093 3977 ad

66 4055 355 4131 emendatiorem
386 4062 425 4120 et
452 4051 680 4123 ornatiorem
702 4043 895 4143 virgiliani
922 4044 1094 4115 carminis

67 4185 251 4272 lectionem
274 4205 441 4289 operam
460 4186 708 4258 recentiorem
726 4179 846 4254 multo
861 4179 984 4251 minus
999 4172 1096 4246 sruc-
