2692 4914
492 326 569 404 an
603 325 898 442 avcomca
1129 334 1205 433 237

167 511 209 572 ad
224 512 361 571 carmina
373 507 424 572 lua
437 512 593 573 recitanda
608 533 674 574 non
687 510 743 574 nisa
760 516 873 574 inuitus
893 513 1028 582 accedit:
1048 518 1153 600 itaque
1170 523 1200 580 vi

166 630 288 696 cogunt
309 634 380 674 euru
394 614 507 697 Satyrij
530 630 562 674 vt
584 614 656 674 alibi
678 615 814 676 videmus
827 616 971 676 Proteum
994 632 1046 675 aut
1061 618 1202 701 Pythiam

164 716 442 776 aduaticinandusu
455 720 487 774 vi
499 715 621 775 admota
637 721 723 798 cogi:
740 739 801 800 qua
815 718 854 779 de
868 738 901 777 re
916 739 944 776 v.
961 717 1039 777 dicta
1054 719 1138 780 advs.
1149 724 1200 786 28.

245 816 397 898 Adscripli
412 816 487 878 haec
501 822 534 877 in
549 816 643 879 breue
659 819 786 878 collecta
805 824 838 877 in
854 839 961 879 eorum
976 826 1115 901 gratiam,
1132 828 1200 905 qui·

163 917 221 979 bus
241 917 320 979 haec
342 918 451 1000 scripta
472 918 548 980 sunt.
599 920 694 981 Poeta
716 918 777 980 hoc
798 918 895 999 ipsum
917 924 949 979 in
972 922 1113 1002 lepidum*
1132 948 1198 1009 my-

162 1020 249 1083 tbnnt
266 1024 407 1094 mutauit,
428 1041 497 1079 curu
512 1039 615 1083 narret
630 1022 752 1105 Satyros
768 1020 841 1094 duo,
863 1025 916 1103 qui
932 1023 1048 1082 dudum
1064 1033 1198 1089 carmina

162 1108 378 1206 Ilagitauerant
407 1123 561 1196 aSiIeno,
583 1128 614 1183 vi
644 1126 769 1184 tandem
784 1124 908 1206 adIgere
925 1146 996 1185 eum
1016 1125 1142 1187 voluisse
1165 1144 1198 1189 vt

162 1241 306 1296 caneret,
341 1226 489 1286 adiutrice
507 1223 661 1308 Nympha.
716 1225 809 1286 Versa
830 1241 934 1287 tamen
957 1249 1006 1290 rea
1028 1229 1193 1305 inlusum,
1286 1242 1294 1253 “

160 1349 225 1387 cum
248 1344 282 1388 et
300 1329 422 1396 corollis
450 1328 552 1389 senem
580 1331 747 1402 vincirent,
790 1343 825 1388 et
848 1329 994 1416 Nympha
1021 1337 1194 1413 procaciter

160 1434 221 1500 eins
237 1431 377 1491 frontem
391 1427 486 1491 rubro
502 1435 653 1512 pingeret.

240 1534 330 1608 Inter
353 1549 533 1615 argumenta
555 1554 685 1614 operum
705 1534 901 1614 antiquorum
922 1534 1042 1594 nullum
1068 1531 1112 1598 est
1139 1557 1192 1598 co-

159 1631 270 1715 piosrus
299 1650 332 1696 et
361 1636 544 1717 locupletius
570 1633 723 1695 bacchicis
751 1637 843 1716 orgiis
873 1650 904 1695 et
924 1634 1046 1697 lufibua.
1088 1639 1190 1722 Satyri

159 1740 262 1820 itaque
273 1738 435 1811 ludentes,
456 1738 575 1799 Silenus
591 1736 775 1796 temulentus
791 1750 822 1800 et
836 1735 983 1811 Bacchae,
1004 1736 1033 1800 h.
1049 1759 1076 1799 e.
1093 1740 1191 1822 Nym·

159 1838 236 1920 phae
254 1861 327 1900 cum
340 1838 461 1902 Baccho
476 1837 660 1900 bacchantes
675 1837 743 1898 sunt
756 1841 838 1897 inter
857 1857 904 1908 ea,
931 1838 1095 1923 inquibus
1118 1845 1191 1900 arti·

159 1939 224 2003 ficet
238 1947 367 2027 ingenia
381 1958 582 2003 exercuerunt
597 1941 645 2001 vel
661 1936 802 2004 maxime.
845 1940 923 2002 Sunt
943 1962 1068 2024 quoque
1088 1945 1121 2001 in
1142 1942 1189 2004 bIs
1245 1993 1247 1997 ,

159 2064 233 2126 quae
249 2066 321 2105 cum
334 2041 439 2106 nostro
459 2048 593 2105 carmine
610 2045 782 2123 comparari
796 2038 917 2121 poffint.
961 2043 1081 2104 Silenus
1101 2064 1190 2105 recu·

159 2143 229 2208 bans
245 2151 280 2207 in
294 2145 378 2228 pelle
394 2142 535 2207 lbbstrata
543 2188 553 2218 ,
580 2160 646 2208 vtre
660 2148 723 2204 vini
737 2144 833 2224 pleno
848 2149 953 2219 nixus,
987 2146 1189 2208 alteramenta

160 2247 336 2309 cantharum
357 2247 510 2322 inuersum
531 2263 639 2309 tenena
671 2249 742 2330 (qui
755 2230 867 2308 tamen
890 2244 996 2307 artifici
1021 2252 1191 2325 recentiori,

159 2354 293 2412 vitiatum
320 2371 455 2413 marmor
479 2348 628 2415 reficienti
655 2347 763 2409 deberi
789 2347 934 2427 videtur)
970 2352 1005 2414 in
1029 2351 1100 2413 vssla
1125 2352 1187 2413 Lu.

160 2451 268 2516 donifia
283 2450 387 2515 visitur
397 2453 532 2526 Romae,
555 2451 640 2513 caelo
655 2447 761 2531 paffim
777 2445 937 2530 expressus.

234 2553 287 2617 Est
301 2556 421 2616 Silenus
435 2554 474 2615 ad
488 2553 629 2614 arborem
648 2556 819 2624 reuinctus,
855 2553 962 2636 Satyro
985 2572 1020 2613 ac
1039 2553 1186 2638 Nympha

160 2661 345 2718 exorantium
369 2655 467 2736 specie
492 2653 687 2726 adstantibus,
710 2659 742 2714 in
765 2675 884 2736 gemma
901 2655 1048 2735 Lippertr'
1061 2653 1185 2736 Dacty'.

161 2759 244 2819 lieth.
262 2759 341 2819 Mill
369 2758 528 2830 1,1‚183.
578 2759 656 2816 Sunt
679 2758 735 2815 alia
758 2756 840 2835 apud
865 2754 972 2833 Taffie.
1016 2756 1184 2816 Inuentum

159 2860 195 2922 est
214 2883 317 2943 nuper
338 2865 372 2921 in
392 2858 502 2921 finibus
517 2860 728 2939 Neapolitanis
750 2856 966 2940 anaglyphum,
993 2858 1130 2918 Silenum
1148 2862 1183 2918 In

159 2981 239 3025 antro
257 2963 416 3024 sedentem
439 2985 507 3021 cum
524 2959 667 3045 Nympha
685 2959 827 3020 frondem
842 2958 891 3017 seu
911 2958 1060 3018 surculum
1081 2956 1181 3019 allen.

158 3081 251 3138 tante,
281 3063 445 3136 exhibens,
479 3065 592 3146 Satyris
615 3063 734 3122 duobus
763 3058 990 3119 auscultantium
1016 3058 1181 3131 fimilibus;

158 3189 234 3248 pone
251 3184 375 3228 antrum
394 3167 490 3227 Sileni
511 3166 615 3225 asellus
639 3186 705 3225 cum
724 3159 843 3222 duobus
859 3162 970 3244 Satyris
994 3161 1179 3224 saltantibus.

156 3269 187 3329 ld
208 3268 417 3353 anaglyphum
443 3290 460 3329 e
485 3264 589 3328 nostro
616 3282 710 3347 poeta
734 3262 948 3324 adumbratum
976 3261 1036 3324 elle
1065 3263 1181 3327 censuit

157 3373 263 3432 Xaver.
294 3373 404 3431 Mattei
417 3374 450 3435 in
465 3369 530 3429 diss.
552 3372 630 3448 1759
645 3369 735 3428 edita.
778 3366 957 3446 Repetitum
973 3365 1181 3450 anaglyphum

154 3496 257 3555 parum
279 3474 351 3534 scite
372 3489 404 3536 et
421 3469 535 3531 affabre
550 3471 662 3530 sactum
679 3485 711 3529 et
725 3490 793 3528 aere
810 3467 957 3548 sorlptum
973 3472 1005 3529 in
1021 3469 1093 3528 edit.
1110 3470 1180 3529 Vir·

154 3579 213 3659 gilii
224 3577 443 3658 Ambrogiana.
486 3574 597 3633 Similia
616 3573 680 3631 sere
697 3576 867 3653 argumenti
888 3570 970 3630 aliud
992 3568 1034 3631 est
1055 3573 1179 3656 anagly·
1221 3549 1231 3559 ⁶

152 3678 256 3760 phura,
284 3679 371 3761 quod
399 3678 439 3737 ad
467 3669 672 3752 ἄσκολιασμδν
702 3674 796 3735 refert
822 3675 879 3732 Vir
905 3674 1012 3733 doctus
1037 3677 1070 3731 in
1091 3675 1178 3751 Dirfi

151 3780 255 3843 Acad.
278 3777 484 3854 Cortonenses
504 3782 562 3841 Το.
578 3779 601 3837 I.
631 3776 697 3837 diss.
721 3776 803 3836 VIII.
825 3775 906 3836 aliud
927 3795 1000 3834 vero
1021 3773 1190 3837 manifesta·

151 3881 320 3966 expressum
342 3904 360 3944 e
382 3884 511 3965 VirgiIio
528 3901 664 3941 marmor
676 3877 875 3960 xv1figuats,
899 3880 981 3935 inter
993 3898 1066 3958 quas
1082 3880 1179 3961 Aegle

147 3993 278 4068 pingens
303 3987 401 4046 SiIeni
421 3986 542 4059 faciem,
572 3982 675 4045 visitur
695 3987 728 4040 in
747 3981 827 4041 Villa
848 3979 1012 4040 Pembrolr.
1043 3982 1174 4041 Wilton.

143 4088 206 4149 Etsi
220 4090 361 4152 nondum
374 4088 441 4149 satis
456 4087 578 4148 confido
590 4087 763 4166 antiquitati
777 4080 886 4143 horum
899 4087 1177 4161 monimentomm;

143 4195 193 4250 ria
211 4196 292 4253 enim
308 4191 438 4254 artifices
453 4196 554 4278 graeci
570 4190 732 4274 Virgilium
753 4185 954 4249 edidicerunt.
