2692 4914
308 343 600 419 rvcottot
631 342 750 417 non
770 341 845 431 111,
862 337 1024 414 50-62
1128 318 1178 418 81*

211 559 250 603 n.
277 531 336 604 Ab
367 533 458 603 lone
486 534 708 630 principium
734 516 876 601 Musae:
924 530 1023 600 Iouis
1053 535 1179 602 omnia

766 662 890 761 plena.
1128 667 1182 740 60·

145 797 211 870 Ille
233 795 328 870 colit
356 816 490 883 terras3
532 795 587 868 illi
606 820 690 868 mea
718 799 884 870 carmina
905 819 1028 868 curae.

145 961 183 1005 n.
206 937 256 1006 Et
286 958 352 1005 me
384 929 560 1003 Phoebus
592 947 707 1002 amat:
754 928 911 1004 Phoebo
943 926 1006 1000 sua
1040 928 1182 1033 semper
1244 903 1246 909 ι

771 1062 872 1164 opud
894 1087 955 1135 me

213 1260 248 1313 60
268 1260 302 1310 A
314 1258 387 1310 Ioue
401 1256 460 1310 alii:
493 1254 536 1310 l'ed
557 1256 665 1311 sollenni
685 1275 820 1332 poetarum
841 1258 884 1312 vsu
904 1258 1013 1312 alterum
1034 1257 1135 1312 dicitur.
1158 1277 1181 1312 v.

148 1345 236 1396 Bnrm.
282 1342 374 1397 Potest
393 1360 513 1414 quoqne,
541 1344 612 1415 quod
632 1345 736 1398 Seruius
757 1347 809 1398 iem
824 1347 939 1406 monuit,
960 1346 1122 1416 interpunglr
1151 1346 1182 1396 A

150 1431 219 1482 lone
230 1437 417 1499 principium,
437 1428 545 1497 Musae.
571 1428 648 1491 vtsit,
662 1446 680 1482 o
694 1429 792 1486 Musae.
861 1433 895 1486 62
909 1433 949 1484 At
965 1450 1008 1483 me
1022 1446 1072 1487 tres
1083 1427 1183 1490 fletui,

152 1517 231 1570 rtffi
277 1515 319 1568 Et
338 1513 445 1584 Menrg.
469 1532 530 1567 curn
554 1513 638 1568 Goth.
661 1534 700 1588 pr.

206 1674 258 1734 60.
294 1672 346 1732 61.
383 1666 451 1730 Effe
473 1669 590 1730 versum
612 1674 654 1733 60
695 1671 771 1732 illud
785 1665 884 1735 mirra
900 1669 981 1736 θεῶν
997 1664 1097 1756 πλήρη
1113 1660 1186 1738 cives

157 1775 358 1854 exprincipio
364 1771 654 1834 Phaenomenorum
696 1777 779 1833 varia
793 1772 939 1833 sententia
955 1774 1069 1833 dictum
1083 1794 1189 1833 occur·

156 1877 236 1937 Arati
262 1873 464 1949 translatum,
501 1880 561 1934 iem
587 1877 656 1935 Ser·
697 1880 747 1948 rit,
763 1875 866 1936 saltem
881 1879 962 1936 inter
974 1874 1188 1956 philosophos:

160 1982 218 2037 tius
240 1981 379 2037 monuit.
419 1978 457 2037 ci.
475 1979 520 2038 La
544 1977 656 2051 Cerdo,
699 1978 736 2040 cs.
751 1976 853 2038 Dauis.
875 1978 913 2037 ed
931 1979 995 2040 Cic.
1017 1977 1056 2038 de
1074 1980 1134 2039 LL.
1149 1978 1189 2053 11,

160 2078 282 2139 irfinus
312 2094 347 2138 et
377 2078 433 2151 nl,
468 2100 657 2163 quemqnam
703 2101 750 2140 11.
780 2078 904 2140 Gesner.
924 2081 1097 2142 Comment.
1120 2082 1191 2143 Soc.

161 2184 295 2243 colorem
311 2202 351 2240 ex
366 2178 500 2245 Theocr.
516 2183 658 2253 V‚8o-
700 2183 787 2242 Gott.
807 2183 867 2241 To.
881 2181 906 2255 1,
927 2204 958 2264 p.
975 2185 1032 2263 87,
1059 2197 1091 2242 vt
1113 2179 1193 2243 dtffi-
1307 2248 1309 2253 ,

162 2287 373 2348 Simutuatus
396 2279 472 2355 elle,
502 2299 534 2345 et
554 2283 660 2366 quoad
701 2285 759 2344 cilo
785 2283 820 2345 lit
842 2281 984 2359 definire,
1026 2304 1088 2368 quo
1108 2284 1193 2345 sensu

161 2393 255 2471 primo
290 2382 389 2446 verba
422 2383 581 2470 respexisse
621 2386 660 2447 ed
702 2402 833 2468 opoetn
854 2383 980 2466 pastoris
1002 2405 1056 2446 ore
1079 2385 1195 2448 dictum

163 2490 245 2575 ldyll.
259 2485 400 2560 xvn,1
434 2487 531 2548 videri
544 2486 661 2570 potest3
702 2487 747 2550 fit.
792 2489 905 2550 Colere
920 2504 1027 2547 terras
1047 2487 1129 2548 idem
1150 2489 1196 2549 di·

166 2609 219 2652 etr
235 2589 384 2652 laudibus
397 2588 480 2650 Iouis
494 2596 661 2651 carminum
704 2597 783 2652 citur
795 2591 825 2652 h.
840 2610 956 2661 curere,
972 2588 1033 2662 seu,
1049 2610 1118 2649 cum
1126 2593 1196 2652 Ser-

168 2699 283 2753 initium
307 2692 411 2750 facere
429 2689 564 2752 sollenne
585 2697 663 2751 anti·
704 2700 771 2768 vio,
799 2714 918 2765 amare,
951 2692 1147 2772 srequentare
1166 2709 1198 2753 et

169 2795 323 2879 quioribus
345 2813 373 2850 v.
389 2792 512 2852 Pindar.
524 2795 613 2853 Nem.
624 2794 662 2866 ll,
705 2797 793 2877 saepe
815 2803 847 2855 in
868 2800 902 2853 iis
920 2793 1044 2866 versari,
1073 2811 1106 2854 vt
1119 2798 1196 2859 Aen.

170 2904 259 2978 princ.
305 2896 438 2954 Dixerat
455 2915 528 2955 vero
542 2899 662 2969 Aratus,
704 2899 738 2968 l,
765 2899 801 2958 15
859 2896 937 2955 Iuno
958 2896 1054 2954 sertor
1073 2896 1198 2955 Cartha-

172 3004 252 3060 Ionis
275 2998 393 3056 omnia
406 2996 506 3075 plena
522 2998 601 3078 qffe,
627 3020 663 3058 ex
707 3004 809 3081 ginem
831 2998 969 3076 colmffi.
1013 2993 1075 3054 Nisi
1097 2996 1198 3077 philo·

172 3102 342 3163 Stoicorum
357 3114 480 3170 mente,
513 3101 584 3159 dum
601 3105 664 3160 ani·
707 3099 863 3180 sophicum
881 3097 956 3159 illud
971 3103 1004 3157 in
1023 3102 1126 3158 animo
1147 3097 1200 3158 ha·

173 3201 369 3264 mammundi
379 3202 572 3283 intelligeret,
584 3225 664 3285 quae
707 3203 775 3263 buit
791 3218 900 3283 poete:
923 3202 1048 3282 Iupiter,
1071 3198 1090 3257 s.
1113 3222 1199 3261 mene

174 3305 345 3365 rniuersum
384 3301 444 3362 hoc
481 3322 664 3384 permearet,
708 3323 739 3367 et
753 3311 854 3366 anima
872 3304 988 3376 mundi,
1016 3323 1122 3362 omnes
1141 3319 1200 3364 ten-

176 3407 203 3465 et.
243 3407 365 3487 Georg.
408 3406 471 3479 IV,
501 3429 561 3468 220
601 3407 664 3491 sqq.
707 3422 933 3489 raspenetrat;
960 3426 1088 3487 pereas
1110 3405 1200 3466 diffu-

179 3507 266 3569 deum
283 3529 431 3591 namque
450 3512 500 3568 ire
517 3533 580 3591 per
601 3533 669 3569 om·
708 3511 754 3572 sus
769 3508 819 3570 ell.
843 3510 879 3569 cs.
897 3510 975 3569 Aen.
989 3508 1042 3577 Vl,
1059 3517 1122 3586 724
1138 3510 1200 3594 sqq.

181 3630 221 3669 ets
257 3613 443 3691 Terraeque
479 3626 668 3694 tractusque
711 3615 817 3673 Curae
846 3634 920 3672 vero
954 3610 1007 3672 ilia·
1042 3616 1199 3675 carmina.
1314 3666 1316 3670 ,

183 3717 273 3773 Μανία
293 3728 355 3773 ecc.
402 3713 559 3775 audiuerat
586 3718 668 3775 enim
696 3718 835 3775 >Nouum
850 3714 920 3786 hoc,
934 3712 956 3772 si
971 3714 1050 3773 bene
1064 3720 1201 3792 memini,

187 3814 313 3889 Stoicos,
361 3813 543 3900 Dionysium
573 3818 670 3876 Hera-
712 3835 793 3879 certe
824 3838 890 3878 non
919 3816 1058 3898 vulgare,
1095 3817 1204 3880 Iouem
1252 3879 1257 3898 ¹

190 3917 326 3991 dentem,
359 3933 390 3977 et
412 3917 571 3978 Persaeum
596 3918 670 3977 Citi-
713 3925 846 3981 carmine
866 3938 981 3979 curare.
1017 3919 1154 4000 Apollini
1172 3937 1205 3982 et

112 4029 113 4033 ’
194 4036 257 4083 tom.
307 4023 452 4080 Attamen
488 4025 520 4079 in
555 4022 672 4080 indocti
713 4020 805 4082 Mufis
819 4020 944 4104 probari
959 4042 995 4080 ea
1018 4020 1078 4080 dici
1099 4022 1205 4083 solent.

112 4118 120 4129 '
197 4117 305 4192 pastoris
334 4144 389 4182 ore
421 4123 564 4184 videntur
598 4123 673 4184 haec
713 4127 805 4185 Forte
825 4127 940 4185 dictum
957 4121 1095 4203 respectu
1109 4123 1208 4182 Mus·

201 4222 343 4288 omiseffe
361 4226 491 4287 subtilia.
536 4227 673 4289 Omnino
715 4250 783 4288 rum
810 4231 844 4287 in
864 4228 1000 4310 Olympo
1027 4229 1211 4292 canentium.
