2692 4914
305 279 652 355 oaoaoroon
681 220 1067 381 maram-253
1139 281 1216 382 537

177 466 257 538 lllic
284 461 362 539 sera
388 465 524 540 rubens
549 466 724 545 adcendit
747 466 889 585 lumina¹
911 467 1058 568 Vesper.

111 632 115 637 ·
175 603 275 673 Hinc
296 597 529 698 tempestates
554 600 671 674 dubio
691 602 922 702 praediscere
946 602 1057 676 coelo

174 732 386 826 Postumus,
424 731 513 812 hinc
551 733 746 837 meffisque
785 736 884 810 diam
911 754 1133 840 tempusque
1156 729 1208 807 se·

791 870 900 946 rendi
907 899 917 960 ;

239 1083 288 1135 251
309 1082 375 1134 11111
389 1080 459 1151 apud
473 1083 564 1135 Senec.
579 1100 620 1155 ep.
639 1100 695 1138 raa.
722 1099 747 1138 et
759 1084 864 1156 plrcot3
890 1082 1005 1156 reposuit
1018 1098 1124 1154 quoqne
1136 1080 1204 1134 Wa-

170 1164 222 1218 ker.
261 1165 464 1238 ostendtcVon.
533 1169 583 1222 252
601 1169 760 1222 1111111111.
801 1167 970 1240 praedicere
982 1169 1060 1220 Rom.
1077 1181 1103 1218 et
1115 1163 1159 1218 alii
1171 1183 1204 1220 ex
1313 1198 1317 1204 ·

169 1269 259 1312 moro;
286 1267 313 1304 vt
333 1270 356 1304 v.
370 1254 413 1306 51.
438 1253 472 1311 11,
487 1254 546 1306 255.
599 1252 781 1325 praediscere
800 1256 854 1307 iam
877 1269 1021 1328 correxerat
1038 1252 1155 1322 Nauger.
1172 1250 1202 1302 in

167 1336 228 1388 Ald.
250 1352 309 1390 tert.
375 1338 427 1391 253
445 1335 598 1412 mensasque
622 1338 697 1393 diem
717 1337 776 1401 olii,
793 1353 918 1415 perpetua
934 1337 1106 1393 aberratione.
1128 1329 1199 1390 conf.

167 1420 223 1472 Ed.
239 1422 272 1483 V,
288 1439 329 1491 7⁰·

154 1596 284 1677 saeuus
295 1599 387 1682 equis
401 1597 659 1681 oriensadflarric
758 1603 829 1665 252.
862 1602 960 1660 Hirro.
987 1600 1014 1660 E
1039 1597 1108 1658 solis
1136 1595 1197 1658 hoo

163 1702 303 1764 anhelis.
348 1704 419 1764 251.
444 1703 523 1764 Cum
541 1705 658 1761 Oriens
699 1722 757 1784 per
786 1703 955 1764 zodiacum
989 1699 1132 1770 decursu,
1176 1718 1196 1758 a

163 1803 272 1884 paullo
292 1819 363 1864 ante
382 1801 417 1863 fit
431 1805 494 1877 Sol,
515 1808 545 1862 vi
559 1825 659 1885 oppo-
700 1826 728 1864 v.
751 1808 829 1878 231,
874 1819 967 1886 atque
995 1800 1074 1862 adeo
1095 1797 1195 1858 succe·

162 1902 212 1964 sni
241 1905 364 1987 Vesper
393 1902 485 1987 poffit
513 1902 573 1965 effe
602 1906 656 1966 Sol
700 1906 842 1967 dentibna
867 1903 924 1967 fibi
951 1907 1087 1963 inuicem
1119 1902 1194 1960 anni

163 2006 318 2066 occidens.
360 2007 530 2086 Vesperum
553 2023 655 2070 tamen
696 2008 849 2089 partibus,
910 2003 1073 2067 instantem
1112 2017 1193 2062 tem·

161 2129 222 2190 pro
256 2108 328 2168 Sole
366 2107 482 2169 dictum
512 2109 653 2173 nondum
695 2108 846 2191 pestatum
872 2112 1077 2169 mutationem
1105 2101 1191 2164 disci·

160 2210 235 2274 vidi.
254 2209 390 2290 Vesper,
414 2208 576 2289 Hesperus,
591 2209 653 2272 sole
693 2235 771 2273 mus.
814 2210 930 2271 Habuit
951 2214 984 2269 in
1001 2211 1105 2268 animo
1121 2223 1190 2266 ver·

160 2311 332 2384 occidente,
346 2315 380 2370 in
395 2310 588 2391 conspectum
600 2333 653 2373 ve·
693 2315 740 2376 1111
769 2316 852 2375 Arati
877 2311 1011 2375 Diosem.
1050 2331 1089 2370 10
1121 2307 1187 2389 sqq.
1271 2374 1275 2388 f

158 2415 225 2484 nit,
257 2416 370 2487 oritur,
424 2414 533 2472 lumen
548 2414 652 2491 sumn
697 2413 910 2498 Tempestares
957 2413 997 2474 de
1055 2425 1188 2494 quatuor

155 2514 298 2594 profert.
325 2513 371 2574 Ita
393 2519 511 2595 accepit
524 2537 650 2598 quoque
693 2523 767 2583 anni
782 2515 918 2600 partibus
933 2516 1004 2586 dici,
1025 2533 1062 2573 ex
1078 2534 1106 2572 v.
1123 2510 1187 2573 258

157 2614 269 2686 Silius,
298 2620 351 2697 qui
367 2614 449 2675 hunc
463 2616 580 2677 versum
599 2639 650 2677 ex·
690 2635 793 2699 patet,
834 2614 1107 2698 Temporibusque
1131 2633 1188 2691 μη·

155 2713 262 2796 preffit
281 2716 336 2788 XI,
352 2719 424 2780 516.
446 2720 507 2799 517
550 2723 649 2779 Imro-
691 2724 887 2779 coniunctam
928 2733 1033 2777 tamen
1074 2715 1184 2772 mutati

157 2816 246 2878 darre
265 2839 416 2899 campum
435 2834 468 2877 ec
487 2820 555 2878 late
575 2821 648 2898 ful·
690 2823 766 2878 aeris
783 2840 817 2879 ac
832 2822 908 2880 caeli
926 2823 1088 2880 notionem
1111 2810 1183 2886 effe,

153 2919 309 2996 gentibus
329 2923 431 2977 armis
449 2918 647 2982 Accendant
688 2941 725 2980 ex
738 2920 882 2982 adiuncto
901 2936 996 3003 patet.
1046 2916 1182 2977 Caelum

152 3020 244 3085 vltro
267 3020 373 3078 lucem
385 3021 554 3100 surgentis
572 3025 645 3086 Eoi.
688 3021 823 3083 dubium
828 3066 839 3096 ,
893 3022 952 3082 scil.
1001 3016 1181 3082 instantibus

153 3121 238 3183 conf.
263 3123 538 3203 Lucret.1,1064.
568 3128 597 3190 5.
617 3130 646 3188 6.
687 3126 816 3205 pluuiis,
849 3124 1000 3205 procellis.
1055 3121 1105 3183 ad
1131 3139 1183 3180 ce·
1227 3136 1231 3145 ’

152 3223 296 3306 Namque
311 3243 371 3282 nec
388 3223 512 3305 vespera
532 3250 647 3286 accerr-
687 3242 753 3287 tera
772 3248 915 3308 compara
936 3223 1050 3285 Tibull.
1064 3224 1124 3295 IV,
1150 3241 1179 3295 1,

151 3323 236 3384 dere
276 3325 381 3404 potest
414 3349 511 3410 crepu
527 3332 645 3403 culum,
687 3332 757 3410 qui,
793 3328 902 3390 eadem
927 3326 1038 3388 horum
1063 3322 1179 3385 limbo·

149 3445 214 3487 nec
234 3425 285 3485 illa
307 3428 436 3510 vulgaria
456 3435 551 3506 ratio,
584 3454 645 3514 qua
687 3449 761 3488 rum
777 3450 812 3490 ac
833 3429 1028 3497 balteorum,
1053 3427 1106 3488 seu
1126 3446 1181 3487 zo·

151 3528 194 3588 de
215 3527 332 3589 facibua
352 3545 384 3592 et
408 3532 541 3593 candelis
569 3537 646 3594 acci·
687 3551 817 3606 narum,
839 3535 1071 3595 enumeratione
1087 3529 1178 3601 facta,

148 3633 247 3711 pianr,
273 3650 354 3712 quae
375 3647 407 3691 vt
429 3634 644 3709 incendantur,
676 3629 758 3694 'cum
769 3638 803 3694 in
817 3650 985 3717 temperata
999 3627 1179 3704 substitffl'et,

146 3729 259 3811 ¹vesper
281 3729 380 3793 cauffo
403 3732 462 3809 est,
488 3758 555 3799 non
578 3740 645 3820 qui·
676 3723 787 3818 'pergit
801 3758 829 3797 v.
850 3740 909 3818 169
927 3739 1016 3798 Hirro
1026 3730 1179 3809 placidus

149 3833 224 3892 dem
239 3833 364 3900 indocta
377 3833 431 3911 est,
458 3837 509 3899 sed
524 3837 644 3901 humilis
686 3839 782 3898 nobis
809 3861 875 3919 per.
901 3854 1049 3921 tempora
1077 3835 1179 3896 verti·

144 3949 256 4001 ¹tamen
282 3952 314 3996 et
348 3936 516 4002 abhorrens
544 3964 561 4004 a
592 3943 645 4002 tali
687 3956 743 4001 cur
762 3962 877 4009 arnus.
926 3945 1014 4003 Hirro
1035 3953 1068 3999 et
1090 3936 1177 3996 oolla

147 4040 294 4101 carmine.
334 4040 546 4122 Opportuniur
561 4043 644 4107 idem
685 4042 1175 4121 iugodidicitsnbmirtererarr-

147 4140 226 4203 illud
241 4140 296 4205 inf.
312 4142 353 4207 vs.
368 4162 440 4225 291.¹
627 4221 629 4224 y
687 4162 808 4218 rareto.
848 4149 893 4211 Ex
911 4145 1021 4224 eadem
1035 4141 1177 4207 011111111-
