2692 4914
226 316 230 322 ’
290 329 987 439 oaoao1c0NL1n.111‚1-9
1102 329 1171 416 541

148 527 225 593 Aut
148 518 427 640 Ainlaudati
446 513 561 593 nescit
582 514 751 591 Buliridis
776 513 902 606 aras?
1104 533 1107 540 ’
1153 515 1176 591 5

149 656 222 726 Cui
252 625 332 725 non
359 653 479 727 dictus
498 651 609 746 Hylas
628 648 748 751 pueri
795 669 832 724 et
854 653 1011 723 Latonia
1030 650 1175 725 Delos?
1267 713 1270 721 .

145 786 472 888 Hrppodameque,
481 784 857 886 humeroquePelops
865 781 1011 883 mfigms
1020 784 1176 877 eburno,

145 923 246 1060 Acer
245 919 404 1023 equis?
443 918 642 994 Tentanda
662 924 721 994 via
741 917 808 1009 est,
844 942 919 1019 qua
938 943 1000 992 me
1022 943 1179 1021 quoque

763 1049 894 1152 poffim
1175 1067 1179 1079 '

144 1185 303 1261 Tollere
321 1185 455 1280 humo,
488 1186 683 1288 victorque
698 1189 818 1259 virum
835 1183 991 1259 volitare
1007 1209 1077 1285 per
1097 1210 1175 1259 ora.

236 1394 409 1466 5Bufiridls
442 1415 522 1449 arces
545 1395 643 1450 tradit.
667 1412 683 1448 a
707 1414 744 1449 m.
768 1414 808 1466 pr.
860 1394 1000 1450 illaudati
1025 1394 1108 1450 Goth.
1136 1410 1175 1468 pr.

145 1482 259 1551 GQuot
280 1482 308 1532 in
328 1481 470 1534 Pierianias
493 1497 519 1535 rt
534 1480 589 1534 Ecl.
604 1481 704 1555 luas.
739 1481 772 1533 Et
790 1478 825 1534 lic
838 1477 930 1553 fragm»
944 1480 1030 1534 vatic.
1102 1483 1178 1556 ὃςΙί
1292 1484 1296 1492 “

147 1564 222 1621 abest
235 1584 251 1620 a
262 1565 335 1619 Toll.
371 1581 429 1620 tum
444 1565 545 1620 danda
557 1574 609 1620 vla
628 1563 668 1638 est
684 1562 733 1619 Ed.
747 1564 816 1618 Vens

151 1775 192 1815 ex
228 1753 394 1834 deperditIs
435 1758 559 1815 excitari
598 1751 648 1813 hie
689 1755 739 1813 le
773 1753 892 1812 mentio
920 1749 1000 1810 lacta
1028 1756 1179 1815 occurrit:

151 1853 294 1938 pollent,
329 1872 424 1918 notae
446 1857 573 1917 modum
597 1877 648 1916 ex·
688 1856 792 1936 potuit
808 1835 1082 1913 tamenac'debuit
1101 1855 1176 1934 (vid.

152 1945 270 2017 cellura
287 1955 393 2018 allent.
437 1961 467 2021 5.
487 1959 537 2020 De
552 1959 648 2018 illau—
688 1954 870 2036 Apollodor.
902 1954 950 2028 ll,
983 1956 1014 2028 5,
1050 1959 1107 2036 11)
1143 1960 1179 2016 in

152 2058 254 2134 dato,
281 2056 311 2120 h.
329 2057 519 2135 detestando,
538 2057 648 2119 Buliri·
676 2053 879 2140 ,Ἡρακλείαις
924 2057 1009 2138 (quo
1049 2061 1179 2118 nomine

152 2161 194 2221 de
218 2165 356 2242 inprimis
376 2162 471 2228 multa
497 2166 647 2242 interpre-
686 2159 773 2240 plura
794 2157 868 2217 olim
889 2161 1014 2218 extitere
1034 2163 1178 2233 carmina,
1255 2221 1257 2224 ,

151 2278 200 2322 tes
234 2263 436 2322 cumularunt.
499 2262 646 2323 Isocraten
686 2262 824 2340 inprimis
842 2257 978 2319 Pisandri
997 2258 1179 2323 Camirenfls

151 2368 254 2424 oratio
278 2364 371 2445 plane
393 2361 444 2422 hic
459 2384 646 2424 commemo-
688 2362 734 2439 (v.
748 2361 786 2420 T.
800 2359 841 2434 11,
854 2381 887 2442 p.
905 2362 965 2425 285
979 2360 1039 2445 sq.)
1081 2365 1179 2449 Nym·

149 2468 215 2525 rari
234 2485 300 2524 non
324 2464 465 2527 debebat.
520 2458 582 2526 Sed
602 2468 646 2524 vi»
686 2461 777 2544 phios
799 2463 1018 2538 Heracleotae,
1059 2466 1180 2550 Panya-

151 2567 251 2627 dendi
274 2571 412 2647 inprimis
436 2567 515 2626 Gall.
537 2566 583 2639 ll,
614 2569 644 2640 6,
686 2561 762 2624 fios:
798 2585 826 2623 v.
850 2565 889 2624 ad
909 2565 1054 2645 Apollod.
1075 2567 1180 2630 Notae

147 2666 645 2729 vbicf.1ac.Gronou.Macrob.
687 2685 759 2747 pag.
782 2665 845 2742 324
867 2666 949 2750 sqq.)
1007 2665 1116 2728 Busiris
1139 2669 1179 2730 ab

146 2772 216 2830 Sat.
240 2770 301 2843 VI,
324 2791 354 2849 7.
398 2771 493 2831 Omni
514 2771 648 2851 disputa·
665 2847 668 2858 Ι
688 2766 820 2826 Hercule
863 2767 963 2828 caesus
1004 2775 1178 2831 memorari.

130 2877 241 2937 ‚tione
259 2876 382 2952 potiora
403 2871 470 2932 sunt
490 2873 541 2931 illa
554 2873 647 2931 Gellii
688 2871 720 2932 8.
741 2867 833 2927 Acer
873 2871 983 2951 equis,
1048 2869 1077 2930 h.
1114 2889 1180 2934 arte

109 3011 113 3018 -
150 2971 265 3034 verba:
307 2974 468 3033 illaudatus
495 2973 538 3052 esi
558 2971 648 3055 quast
689 2966 836 3053 equestri,
871 2969 1041 3052 quadrigis
1063 2972 1180 3035 ducen-

149 3072 338 3136 illaudabilis
353 3091 386 3134 et
405 3074 645 3147 innominabilis,
689 3073 752 3145 dis,
804 3068 958 3148 llreuuus,
1009 3075 1178 3152 excellens,

151 3181 214 3262 qui
246 3197 353 3258 neque
388 3181 553 3235 mentione
586 3189 647 3234 aut
688 3166 792 3260 5⁶¹⁹qu

151 3281 315 3339 memoria
335 3279 405 3337 vlla
427 3278 563 3356 dignus,
591 3299 647 3335 ne·
729 3297 759 3357 9.
781 3272 1089 3358 Circumspiciendum
1104 3278 1180 3342 mihi

153 3402 221 3464 que
239 3401 396 3463 umquam
416 3378 648 3440 memorandus
690 3394 922 3462 argumentum,
959 3384 1044 3442 cuius
1069 3397 1179 3446 tracta·

151 3483 208 3562 est.
261 3479 409 3563 Exprellit
443 3478 546 3541 autem
582 3483 648 3541 Ho-
689 3487 775 3543 tione
828 3501 946 3541 nomen
969 3472 976 3479 ’
1001 3483 1179 3568 consequar.

151 3589 235 3646 meri
262 3581 316 3648 οὐκ
346 3580 508 3663 invocaris
534 3585 594 3644 Od.
617 3608 646 3658 r,
688 3587 796 3643 uictor
812 3587 937 3664 poetico
954 3601 1064 3646 ornatu
1079 3589 1180 3650 adiee-

153 3691 229 3751 260.
248 3688 319 3767 597.
364 3689 413 3748 Sic
434 3681 596 3768 οἷπὸθητος.
619 3708 646 3752 v.
690 3702 765 3760 tum,
787 3684 950 3758 vtilolent,
971 3685 1048 3749 fide
1062 3711 1179 3774 magno

150 3791 259 3870 Toup.
296 3789 354 3869 Ep.
390 3793 454 3848 crit.
489 3809 558 3872 pag.
587 3792 647 3859 82;
690 3790 793 3870 aliquo
809 3808 904 3868 opere
917 3806 1053 3870 peracto,
1067 3811 1180 3876 magna

149 3913 214 3955 nec
231 3891 271 3952 ad
290 3906 396 3950 notam
418 3890 548 3950 formam
570 3883 648 3953 λιτὸ-
689 3910 734 3962 re,
757 3910 848 3972 quarn
863 3888 1035 3974 ellequutus
1047 3890 1096 3967 fis,
1116 3898 1180 3976 agi·

148 4016 241 4078 mm
261 3992 428 4075 confugere
448 3991 568 4053 necelle
595 3989 646 4052 est.
690 4007 746 4056 tur.
803 3993 878 4053 Non
920 3996 1000 4056 male
1038 3996 1178 4055 Seruius:

146 4094 214 4159 Etli
231 4110 333 4156 autem
348 4098 381 4153 in
395 4098 448 4168 iis,
463 4105 550 4178 'quae
564 4114 649 4153 nunc
689 4096 813 4166 victor,
854 4093 989 4176 effector
1020 4094 1179 4180 propositi

148 4212 269 4274 extant,
304 4196 487 4260 carminibus
507 4193 648 4258 Bufiridis
690 4211 723 4258 et
737 4199 817 4258 voti.
837 4199 957 4259 Lucret.
972 4198 997 4273 1,
1013 4203 1054 4279 76
1078 4203 1180 4258 Omne
