2700 4906
130 289 222 373 '234
465 286 766 366 ‘EXCVRSVS
803 291 844 362 II

146 479 250 537 mania
264 468 379 534 caesum
394 477 455 535 iam
470 475 530 556 ipse
546 493 720 559 temporum
734 479 813 536 ratio
834 473 985 555 excludit;
1010 472 1032 535 si
1048 475 1175 559 quidem

144 577 277 640 florente
299 591 397 636 aetate
422 578 562 660 Virgilius
591 578 651 640 hoc
675 598 798 640 carmen
821 565 939 658 scripsit.
989 577 1108 637 Eadem
1137 581 1176 638 de

147 678 243 742 caussa
263 679 366 739 locum
388 699 446 739 nec
466 678 558 739 habet
575 682 612 742 P.
624 681 768 762 Alfenus
792 678 941 757 (scribitur
958 694 990 738 et
1003 679 1176 760 Alphenor

147 798 179 844 et
192 780 352 862 Alfinius)
371 781 490 854 Varus,
509 781 576 842 Cos.
589 786 662 863 754,
682 782 794 844 nobilis
807 781 909 855 lctus,
933 781 972 862 ad
987 802 1081 864 quem
1096 782 1177 842 male

145 885 278 946 retulere
293 883 414 943 Horatii
429 884 530 944 locum
545 885 606 943 Sat.
622 883 652 958 Ι,
668 881 700 957 5,
720 885 788 947 ι5ο.

210 986 312 1046 Alium
327 983 630 1066 AlfenumVarum
647 985 685 1046 ab
699 980 835 1068 Augusto
848 984 1090 1065 Transpadanae
1103 1005 1178 1066 pro-

143 1091 264 1173 uinciae
284 1101 316 1147 et
336 1091 414 1169 agris
437 1087 612 1148 diuidundu
638 1087 844 1168 praesectum,
878 1108 919 1148 ne
946 1088 1075 1169 Virgilio
1104 1107 1178 1171 ager

147 1196 332 1272 eriperetur,
354 1185 484 1262 curasse,
508 1206 679 1274 memorant
692 1191 840 1251 Seruiana
855 1189 895 1249 ad
910 1189 974 1250 Ecl.
991 1189 1045 1262 vt,
1062 1194 1081 1252 6
1097 1193 1178 1248 etin

145 1288 383 1355 Pseudodonato
404 1287 424 1349 s.
447 1292 499 1352 5ο.
559 1289 649 1351 Hunc
684 1289 743 1352 esse
778 1291 817 1352 de
851 1312 914 1375 quo
943 1291 1088 1374 Virgilius
1119 1288 1177 1349 hac

143 1393 210 1459 Ecl.
225 1392 278 1453 VI.
294 1390 530 1474 tammagnifice
542 1393 680 1478 loquitur
687 1435 699 1467 ,
728 1393 889 1474 probabile
905 1391 1009 1454 fieret:
1037 1389 1061 1452 fi
1079 1391 1177 1452 modo

145 1497 186 1558 de
199 1494 331 1557 hominis
343 1492 434 1554 rebus
448 1491 532 1554 bello
547 1491 634 1578 gellis
649 1495 765 1577 aliquid
779 1491 946 1568 constaret,
976 1514 1057 1576 quae
1073 1508 1177 1554 tantae

143 1583 251 1671 essent,
270 1611 304 1656 vt
324 1598 451 1656 carmini
469 1599 558 1677 epico
572 1600 730 1657 materiem
745 1596 890 1658 idoneam
903 1594 1098 1677 praeberent.

231 1695 465 1782 Quinctilium,
498 1713 622 1757 acutum
644 1713 676 1780 et
694 1697 833 1760 seuerum
859 1697 1104 1758 illum‘criticum
1126 1718 1176 1779 ap.

144 1802 253 1895 Horat.
266 1803 330 1863 Art.
346 1801 420 1877 458,
442 1799 480 1859 de
497 1803 580 1860 cuiue
594 1815 693 1861 morte
709 1798 821 1861 solatur
833 1797 996 1882 Virgilium
1010 1796 1097 1859 suum
1111 1801 1178 1860 Ho-

10 1951 16 1963 .
119 1902 273 1967 ·ratius1
303 1902 404 1961 Germ.
429 1909 486 1980 24,
525 1918 558 1962 et
578 1923 671 1985 quem
696 1899 901 1986 Hieronymus
922 1899 1039 1962 Chron.
1065 1900 1176 1962 Euseb.

147 2002 388 2068 Cremonensem
413 2003 563 2084 appellat,
603 2019 730 2064 enotato
751 2010 816 2064 eius
844 2025 928 2065 auno
950 2003 1113 2065 emortuali
1137 2003 1177 2064 ad

146 2107 272 2190 Olymp.
287 2106 361 2184 Δι89,
383 2125 395 2164 ι
421 2102 470 2182 (V.
488 2105 523 2164 C.
539 2104 611 2184 75ο,
639 2120 710 2165 ante
732 2105 768 2166 C.
788 2106 827 2166 N.
854 2109 922 2185 24),
955 2105 1039 2164 nulla
1060 2105 1176 2166 idonea

147 2211 327 2269 auctoritate
342 2205 429 2276 Vari
442 2210 627 2288 cognomine
643 2208 801 2288 appellant
816 2206 1033 2274 Grammatici,
1051 2207 1176 2268 Seruius

146 2300 186 2372 ad
200 2310 265 2370 Ecl.
280 2310 319 2381 V,
337 2327 388 2380 20,
405 2322 436 2367 et
451 2306 551 2367 Schol.
568 2308 676 2369 Horat.
706 2310 743 2373 cs.
759 2309 881 2386 Ruaeus
901 2310 941 2368 ad
953 2308 1016 2375 Ect.
1033 2309 1088 2381 VI,
1104 2330 1133 2389 7.

50 2414 56 2423 “
232 2412 270 2492 Q.
293 2408 412 2468 Atium
433 2409 560 2469 Varum
581 2431 617 2470 ex
640 2398 774 2471 Caesaris
803 2412 977 2472 Comment.
1006 2409 1045 2469 de
1071 2410 1105 2468 B.
1135 2411 1175 2470 G.

145 2512 229 2586 VIII,
247 2514 296 2575 28.
317 2511 350 2573 B.
368 2510 434 2570 Ciu.
450 2510 504 2582 III,
521 2513 561 2590 57
584 2510 642 2571 huc
656 2529 744 2573 vocat
757 2515 880 2575 Martin.
894 2519 1027 2575 nominIs
1040 2513 1176 2576 fimilitu·

147 2618 220 2678 dine
234 2615 385 2675 inductus.
419 2609 459 2696 Q
474 2613 568 2673 VAR.
585 2617 715 2674 occurrit
727 2619 762 2676 in
772 2615 866 2677 Sarda
879 2615 1068 2700 Dactylioth.
1083 2620 1174 2700 Lipp.

144 2717 235 2782 Tum.
249 2718 288 2792 II,
306 2739 335 2790 2,
352 2737 422 2797 219.

148 2802 151 2809 ¹
229 2823 266 2880 L.
284 2818 406 2888 Varus,
425 2815 604 2900 Epicureus,
627 2815 761 2879 Caesaris
778 2822 901 2893 amicus,
922 2837 1112 2883 memoratur
1126 2844 1176 2904 ap.

147 2922 294 3007 Quinctil.
308 2921 332 2982 1.
347 2922 401 2982 Or.
417 2922 471 2995 VI,
488 2921 518 2994 5,
535 2923 585 3000 78.
628 2919 751 2980 Nullam
767 2918 817 2980 hic
835 2921 974 2984 lectionIs
996 2930 1176 2984 varietatem

144 3042 282 3087 notatam
298 3023 403 3092 video:
431 3039 464 3084 vt
483 3043 542 3082 nec
562 3026 595 3081 in
612 3022 709 3082 altero
723 3021 794 3084 loco
810 3022 851 3096 X,
867 3013 897 3096 5,
914 3026 943 3086 8.
997 3025 1176 3104 Virgilium

142 3124 348 3211 pauczffimos
366 3125 421 3184 die
439 3119 648 3206 campestriffe
675 3124 785 3200 versus
809 3142 927 3184 auctor
945 3123 990 3202 est
1013 3127 1132 3190 Varus.

229 3228 437 3288 indubitatum
458 3247 584 3309 quoque
606 3225 691 3286 Vari
705 3247 822 3287 nomen
837 3225 880 3287 est
894 3249 942 3308 ap.
959 3227 1068 3289 Horat.
1082 3230 1111 3302 1,
1137 3231 1174 3292 18

146 3330 248 3390 Carm.
270 3329 422 3396 Nullam,
444 3328 535 3390 Vara
543 3371 553 3400 ,
574 3328 687 3406 sacra.
736 3329 889 3409 EtEpod.
907 3331 944 3403 V,
961 3332 1014 3409 73,
1045 3329 1098 3389 vbi
1118 3331 1176 3390 Ca·

145 3431 230 3492 nidia
245 3432 277 3490 in
293 3452 363 3492 eum
371 3475 382 3506 ,
407 3447 562 3513 tamquam
577 3427 799 3491 inconstantem
815 3448 992 3504 amatorem,
1013 3431 1119 3492 saeuit.

151 3525 156 3534 ’
216 3529 300 3592 Nihil
313 3536 347 3591 in
360 3531 406 3593 hie
421 3529 473 3604 esi,
494 3551 557 3613 quo
571 3530 762 3592 manifestum
775 3531 836 3608 stat,
859 3555 898 3593 an
914 3534 952 3593 de
968 3532 1082 3594 eodem
1091 3535 1176 3594 Varo

147 3650 262 3718 agetur.
313 3635 376 3715 Qui
395 3633 516 3694 Horatii
536 3635 649 3693 amicus
667 3634 742 3708 suit,
777 3640 880 3714 potuit
902 3651 933 3695 et
953 3635 1076 3719 Virgilii
1098 3632 1176 3712 esle;

147 3739 251 3825 I'otuit
272 3736 355 3796 idem
372 3734 505 3796 Caesaris
524 3738 635 3795 amicus
651 3730 720 3796 esse.
764 3736 825 3796 Pro
846 3737 957 3798 eodem
978 3742 1084 3820 itaque
1107 3758 1177 3797 cum

68 3866 73 3875 ·
145 3836 181 3900 L.
197 3838 280 3899 Varo
296 3837 448 3918 Epicureo
464 3835 636 3898 habuerrmt
651 3841 790 3898 eumviri
806 3835 905 3915 docti,
937 3835 1030 3899 inhis
1046 3835 1175 3900 Mallon

100 3937 106 3948 ⁹
145 3944 208 4005 Vit.
223 3943 331 4003 Horat.
348 3962 379 4020 p.
394 3960 465 4000 222.
507 3938 616 4000 Eidem
629 3940 708 4001 adeo
725 3955 757 4000 et
770 3938 844 4000 haec
856 3941 970 4024 Ecloga
978 3942 1023 4001 VI
1034 3941 1177 4022 inscripta

145 4039 370 4125 uideripotestt
398 4039 549 4102 fiverum
572 4038 624 4113 est,
645 4041 731 4124 quod
746 4042 844 4101 Seruii
865 4042 905 4101 ad
929 4064 955 4100 v.
970 4045 1023 4116 31,
1053 4043 1178 4104 Phocae

146 4152 181 4212 in
192 4150 269 4218 Vita
280 4148 366 4230 Virg·
384 4166 412 4212 v.
427 4148 479 4221 65,
499 4146 617 4208 Donati
631 4148 666 4206 in
680 4144 719 4202 V.
735 4143 773 4203 V.
790 4143 812 4206 s.
829 4164 869 4224 79
890 4142 951 4207 fide
969 4147 1114 4222 traditur,
1144 4151 1178 4207 iu
