2700 4906
249 302 300 376 ⁸0
432 298 509 375 DE
544 297 805 374 CARMINE
839 294 1138 377 BVCOLICO

273 492 387 563 etiam
412 485 559 562 auitum·
577 504 616 560 et
643 485 812 561 colorem
842 490 921 560 eius
946 492 1061 579 vitae,
1099 487 1180 585 sed
1198 483 1301 558 facto

273 611 664 717 aliquoexprqffum,
704 639 782 712 quo
812 611 975 712 istorum
993 616 1202 688 hominum
1215 608 1302 708 stu-

274 746 365 823 dia,
412 741 565 841 officia,
609 745 803 821 rationes,
855 742 1083 846 affectiones
1119 741 1303 815 declara·

271 889 427 951 rentur,
447 897 521 970 per
531 868 734 967 sermones
749 865 911 965 istorum
925 872 1132 943 hominum
1147 874 1250 940 inter
1252 864 1303 962 se

271 995 618 1096 confabulantium
633 1000 686 1068 ita
703 996 919 1080 exhiberet,
952 1019 991 1073 vt
1011 1003 1126 1071 animi
1148 992 1304 1068 audien·

269 1132 365 1200 tium
384 1124 549 1200 iucunda
569 1149 695 1197 rerum
720 1129 882 1224 imagine
899 1119 943 1201 ¹et
964 1132 1061 1200 vitae
1077 1124 1176 1199 istius
1199 1137 1305 1220 grata

270 1253 391 1356 specie
405 1252 478 1326 frui
491 1250 756 1345 viderentur.')
812 1255 914 1354 Capi
933 1273 1069 1328 autem
1091 1271 1129 1326 et
1149 1245 1305 1324 demul-

271 1386 353 1455 ceri
374 1377 454 1475 istit
474 1380 737 1450 delinimentis
758 1384 887 1452 animi
903 1410 985 1454 non
1007 1379 1185 1483 poffunt,
1227 1369 1304 1468 mfi

270 1509 322 1583 ub
347 1506 528 1580 urbanae
557 1511 668 1579 vitae
693 1511 795 1578 curis
831 1535 883 1580 aa
917 1509 1106 1607 molestiis¹
1133 1502 1302 1579 auocati

268 1643 313 1712 in
341 1639 450 1737 agris
465 1633 652 1734 siluisque
679 1639 782 1706 inter
808 1664 947 1738 greges
978 1657 1017 1710 et
1042 1652 1229 1710 armenta
1261 1643 1304 1701 et

262 1767 418 1869 pecoris
445 1758 652 1862 magistros
684 1762 838 1860 uersari
866 1764 1128 1845 videbuntur,
1178 1779 1302 1861 atque

267 1896 309 1969 id
333 1890 523 1969 curabitur
549 1915 577 1959 a
601 1908 745 1987 poeta,
793 1911 833 1965 vt
859 1919 909 1967 ne
941 1893 1033 1995 quid
1062 1892 1189 1967 subeat
1219 1893 1302 1960 ani-

266 2046 368 2111 mos,
406 2017 512 2118 quod
540 2013 760 2109 molestiam,
807 2026 1044 2111 tenuitatem,
1090 2047 1135 2095 ac
1171 2017 1299 2093 sordes

265 2147 365 2223 istius
381 2151 477 2219 vitae
499 2149 540 2215 in
562 2151 782 2217 memoriam
798 2165 973 2237 reuocet,
1007 2150 1189 2247 adeoque
1197 2145 1299 2244 sua·

264 2271 462 2375 ‘uiffimam
498 2270 616 2341 illam
649 2272 857 2344 oculorum
875 2275 1192 2373 fascinationem
1210 2274 1297 2374 sol-

264 2419 359 2487 uat;
393 2425 475 2499 qua
493 2398 580 2498 ipsa
598 2400 650 2470 de
671 2397 804 2498 cauffo
816 2403 982 2497 factum
1006 2402 1077 2502 est,
1108 2422 1154 2476 vt
1174 2401 1296 2503 pasto·

264 2533 350 2602 ritia
360 2531 514 2627 potius,
562 2554 686 2627 quam
707 2533 868 2600 omnino
895 2529 1043 2627 rustica
1066 2539 1176 2612 uita,
1224 2549 1295 2605 aut

264 2673 475 2730 aratorum
493 2673 533 2728 et
561 2681 657 2754 opus
678 2653 866 2753 rusticum
886 2660 1133 2755 facientium
1157 2663 1294 2733 eondi-

259 2790 320 2858 tio
337 2788 379 2856 in
398 2784 474 2856 hoo
494 2788 672 2855 carmine
688 2783 953 2865 exhiberetur,
980 2813 1071 2859 cum
1090 2790 1190 2861 haec
1208 2794 1293 2891 qui-

263 2916 356 2987 dem
376 2912 518 3012 paullo
533 2913 630 3012 'plus
657 2908 878 3011 offensionis
903 2907 1094 2996 liaberet,¹
1129 2945 1203 2989 nec
1220 2919 1292 3016 fa·

264 3042 339 3116 uile
360 3068 410 3114 ea
431 3039 616 3112 laborum
635 3041 794 3118 taedio,
820 3057 860 3111 et
880 3048 1010 3113 attriti
1032 3051 1206 3143 eorporis
1226 3046 1291 3117 de·

251 3171 505 3269 fatigatione
523 3173 762 3268 omninoque
786 3174 986 3241 aerumnis
999 3170 1107 3268 suis,
1144 3191 1292 3273 poetae

261 3314 351 3370 arte
378 3313 416 3367 et
445 3299 603 3395 ingenio
633 3296 797 3368 liberari
819 3293 953 3396 poffet.
1030 3298 1109 3371 Sed
1134 3301 1236 3373 liaeo
1263 3327 1291 3373 a

259 3425 396 3498 multis
420 3421 525 3519 satis
557 3425 766 3522 diligenter
786 3425 884 3522 sunt
911 3445 1128 3525 praecepta
1161 3446 1200 3500 et
1233 3430 1291 3501 ad

256 3558 393 3655 prima
415 3550 529 3621 huius
547 3557 702 3650 generis
719 3553 913 3625 elementa
929 3559 1127 3653 pertinere
1143 3573 1289 3653 putan-

259 3679 440 3778 dosunt.
488 3681 630 3779 Itaque

290 3883 314 3948 ⁴)
335 3879 471 3953 Appellare
496 3879 557 3934 licet
580 3879 650 3933 hane
676 3898 751 3951 argu-
791 3879 832 3932 vel
844 3879 880 3933 fic
893 3899 996 3935 carmen
1008 3882 1159 3938 bucolicum
1169 3903 1218 3956 pro
1232 3883 1290 3936 dra·

256 3984 377 4025 mentum
396 3959 502 4040 'aliquod
523 3965 650 4020 tractandi
671 3968 750 4018 ratio·
792 3967 868 4018 matis
890 3982 982 4037 genere
1012 3969 1116 4030 haberi,
1156 3985 1201 4022 aot
1226 3966 1288 4021 inde

256 4076 320 4114 nem
333 4056 527 4113 dramaticum,
538 4053 663 4124 quoniam
678 4049 750 4102 aliud
793 4048 901 4102 ductum
915 4050 980 4114 effe,
1009 4069 1055 4106 aut
1067 4073 1128 4106 cum
1140 4055 1224 4106 mimo
1239 4054 1288 4108 So-

256 4162 363 4204 nomen,
387 4139 458 4213 quod
473 4135 749 4210 magisaccommode-
792 4135 909 4208 phronis,
928 4139 1110 4193 multominus
1124 4159 1185 4192 cum
1200 4140 1288 4194 mimis
1327 4178 1329 4182 »

252 4214 361 4290 tetulit,
377 4244 433 4279 non
445 4223 572 4278 habemus
579 4242 588 4289 3
601 4241 650 4277 nec
662 4237 748 4276 tumeo
793 4221 990 4289 Romenoruuu'
999 4227 1148 4298 comparui
1162 4224 1257 4298 potest
