2692 4914
157 309 507 386 cnoncrcou
538 260 978 413 murrata-ua
1020 250 1106 419 ‘ur

13 540 18 583 ι
66 499 378 600 Cecropiumque
405 498 592 592 thymum,
632 519 671 575 et
701 523 816 597 graue
849 499 990 576 olentia
1018 523 1107 581 cere

690 650 829 708 taurea.
1027 666 1105 741 ⁹⁴7⁰

63 767 127 845 Est
148 769 262 844 etiam
286 763 357 838 flos
376 768 417 837 in
437 769 569 865 pratis,
619 769 681 840 cui
700 791 841 841 nomen
867 771 1003 847 amello

64 907 205 979 Fecere
229 899 434 1002 agricolae,
460 897 579 972 facilis
604 902 867 1000 quaerentibus
894 904 1030 999 herba;

63 1043 241 1138 Namque
260 1061 336 1110 vno
359 1039 551 1134 ingentem
571 1034 669 1109 tollit
690 1035 739 1111 de
759 1035 895 1139 cespite
916 1037 1056 1135 filuam,

63 1175 212 1247 Aureus
227 1169 303 1271 ipse
310 1198 321 1260 3
356 1167 473 1244 sedin
493 1166 610 1261 foliis,
644 1194 743 1271 quae
760 1170 920 1273 plurima
941 1179 1084 1252 circum

62 1307 303 1397 funduntur,
326 1303 450 1378 violae
464 1301 633 1379 sublucet
651 1330 817 1406 purpura
832 1313 959 1409 nigrae
966 1339 977 1403 5
1029 1310 1105 1412 275

63 1536 130 1574 enm
149 1531 262 1588 quatuor
278 1511 395 1568 Heium:
433 1529 514 1586 quem
532 1510 600 1565 vide.
647 1509 702 1583 pfit
729 1514 801 1569 haec
818 1516 965 1574 Romnum.
1012 1522 1107 1577 Steiria

62 1605 134 1675 Bag.
150 1602 201 1655 vid.
216 1601 251 1654 ad
263 1601 362 1670 Georg.
377 1600 409 1661 11,
424 1602 467 1670 93.
501 1599 596 1670 pqffttt
608 1598 719 1652 Mentel.
733 1620 772 1672 pr.
840 1606 891 1674 273
902 1607 1033 1677 Namque
1047 1617 1104 1662 imo

62 1689 170 1760 aliquot
180 1687 416 1746 Pierirni,.i⁴’rauc.
431 1699 457 1737 et
471 1685 520 1736 Ed.
534 1685 565 1737 P.
579 1685 650 1736 Dan.
664 1683 741 1738 Bam.
762 1702 788 1740 et
801 1686 853 1751 ul.,
886 1690 949 1742 item
963 1692 1047 1745 Goth.
1063 1713 1103 1764 pr.

60 1774 123 1830 ruf.
137 1792 201 1826 vnur
215 1771 304 1826 Mead.
321 1786 347 1824 et
361 1770 422 1823 edd.
439 1785 500 1823 vett.
508 1807 518 1832 ,
535 1771 614 1823 etiarn
627 1770 739 1841 Egnat.;
777 1789 803 1826 et
823 1773 946 1844 probauit
964 1776 1053 1830 Heius.
1070 1773 1107 1832 ad

61 1861 151 1916 Ouid.
168 1859 216 1929 Ep.
230 1858 290 1918 XX,
307 1866 339 1924 4¹
363 1871 390 1909 et
409 1855 553 1916 certetur,
574 1871 683 1909 notante
697 1856 775 1909 etiarn
788 1863 956 1924 Burmanno;
985 1861 1058 1916 duxit
1072 1881 1105 1918 ax

60 1960 196 2021 perpetue
213 1946 343 1996 verietate.
379 1941 468 1995 Maior
487 1941 614 1993 librorum
633 1941 772 1994 auctoritas
794 1961 842 2009 pro
862 1963 940 2010 uuo,
970 1947 1050 2000 eriam
1069 1946 1107 2003 fic

60 2031 131 2088 inda
147 2029 179 2084 ab
191 2029 269 2083 Aldd.
285 2029 393 2081 editum.
432 2026 469 2080 de
486 2033 594 2080 vertice
616 2041 677 2080 vett.
691 2026 762 2098 apud
772 2028 895 2083 Pieriam.
969 2035 1021 2103 275
1033 2034 1106 2086 Furr-

63 2118 173 2173 dentur
193 2115 266 2169 Laid.
321 2112 455 2167 Eduntur
476 2110 639 2176 Zulirhem.,
675 2131 739 2166 mox
753 2112 909 2183 sublucent
934 2135 979 2191 qu.
1003 2119 1103 2177 Meter.

62 2203 154 2259 Goth.
170 2221 210 2276 pr.
235 2199 399 2274 succumbit
418 2193 522 2250 zulich.

62 2359 181 2424 ciendo
193 2358 268 2418 inde
283 2362 358 2417 vino
368 2354 483 2437 paffo:
502 2354 564 2415 vid.
605 2355 727 2418 incultis
740 2371 772 2418 et
785 2355 896 2440 asperis
911 2359 1104 2425 conuallibus

63 2466 130 2526 Ge,
149 2462 195 2534 ss,
220 2462 272 2541 93.
315 2459 499 2538 Defrutum
520 2461 565 2517 vi·
605 2457 712 2539 paffim
736 2460 815 2522 nasci
840 2464 933 2526 Rniur
962 2461 1105 2538 testetur:

59 2586 144 2630 num
167 2564 258 2625 dulce
288 2582 324 2622 uc
346 2577 485 2635 coctum,
524 2560 564 2621 de
606 2561 689 2622 vnde
715 2564 835 2643 facilis
869 2567 1104 2650 quaerentibus

57 2689 134 2754 quo
162 2666 257 2726 muita
280 2664 364 2746 apud
394 2665 564 2744 Scriptores
605 2662 718 2725 uerba.
774 2667 847 2728 Eius
863 2671 867 2680 “
882 2669 1014 2729 formam
1052 2691 1105 2732 ex-

59 2773 96 2834 R
122 2769 161 2830 R.
212 2789 285 2847 ²70·
308 2768 565 2847 Cecropiumque
608 2766 679 2826 cudi
693 2771 811 2827 ctuauit
824 2769 985 2831 Martinus.
1022 2773 1105 2856 Pug-

61 2873 228 2956 thymum,
241 2892 270 2931 v.
284 2869 392 2952 supv.
408 2889 478 2929 ιη.
496 2889 564 2947 177.
606 2883 663 2929 nat
708 2883 812 2929 tamen
855 2891 914 2951 pro
958 2874 1104 2938 Meliloto

61 2989 284 3037 centaureum
329 2970 393 3034 iiue
441 2987 566 3032 centau·
606 2968 686 3032 flore
707 2972 794 3032 luteo
816 2973 959 3050 (trifolio
972 2995 1003 3039 n.
1017 2979 1038 3038 5
1053 2996 1104 3058 ap.

59 3083 165 3150 rium,
185 3080 282 3135 maius
297 3090 329 3135 et
343 3078 455 3146 minua,
482 3073 566 3132 Tau·
606 3075 719 3156 Liun.)
739 3075 861 3138 Wedel.
875 3077 1005 3138 Exercit„
1020 3078 1104 3140 med.

48 3178 151 3264 find
168 3176 410 3244 Guldeulrraut,
443 3176 565 3237 aCen·
606 3175 716 3258 philol.
752 3177 842 3243 Ceut.
869 3181 901 3252 3,
936 3181 1042 3242 Exere.
1070 3183 1104 3246 5.

60 3300 158 3346 tauro
171 3279 308 3340 Chirone
329 3297 448 3339 nornen
466 3281 565 3341 traxit.
608 3281 682 3360 273.
718 3299 785 3339 vno
807 3277 851 3339 de
875 3281 1011 3362 cespite,
1050 3282 1105 3345 seu

60 3407 95 3448 v.
111 3383 191 3448 Plin.
207 3381 310 3452 XXV,
324 3387 356 3460 4,
379 3378 450 3442 sect.
470 3387 518 3460 ¹4·
533 3383 564 3456 6,
607 3401 671 3442 vno
688 3382 863 3466 eodemque
877 3383 931 3445 soli
948 3385 1030 3460 loco,
1051 3384 1105 3448 seri

60 3487 140 3554 sect.
155 3487 209 3550 50.
229 3485 282 3548 51.
607 3502 669 3543 vna
696 3483 868 3568 eademque
899 3487 1019 3561 radice,
1060 3493 1105 3551 vti

608 3590 737 3668 exponit
755 3586 978 3673 Philargyriur,
1009 3611 1105 3675 quen

147 3709 220 3772 ²7¹·
263 3684 469 3748 Consentiunt
507 3687 567 3747 viri
607 3687 744 3772 sequitur
756 3691 906 3752 Martinus
912 3735 924 3766 ,
951 3707 985 3753 vt
998 3695 1106 3775 cespea

63 3794 155 3856 docti
196 3796 231 3852 in
281 3789 357 3866 hoc,
410 3787 567 3848 amelium
608 3789 644 3853 iit
691 3794 777 3853 radix
825 3782 987 3876 cespitoia,
1051 3797 1105 3860 seu

61 3894 130 3960 elie
149 3893 301 3974 Asterem
321 3892 474 3954 Atticum
494 3913 567 3953 cao·
608 3894 695 3956 radix
748 3893 831 3957 fibris
872 3901 955 3960 inter
993 3897 1024 3961 se
1068 3903 1104 3964 h

62 3997 198 4059 ruleum
234 3998 427 4076 vulgarem,
475 3996 567 4059 nobis
610 3998 729 4080 cespitir
783 4000 912 4062 modurn
961 4001 1104 4082 implexa.

63 4099 286 4167 Stemkraut‚·
312 4122 406 4182 quern
420 4099 566 4175 initalia,
611 4110 683 4179 274·
707 4105 779 4178 275.
802 4100 880 4164 flore
896 4101 991 4177 flauo,
1021 4103 1104 4164 foliis

62 4205 183 4288 Sicilia,
209 4217 243 4266 et
258 4201 361 4264 Gallia
372 4197 569 4267 Narboneuii
609 4209 773 4290 purpureis
805 4205 945 4284 violaceo
986 4205 1103 4278 mure,
