2692 4914
310 328 606 422 trannin
643 331 1008 428 anrrtonts
1130 371 1184 430 ιι

239 525 443 620 Reddere
484 526 709 618 rationem
747 522 967 658 sigillatim
1003 561 1178 649 eorum,

161 722 264 816 quae
301 695 351 784 in
387 694 520 785 tertia
555 691 643 786 hac
679 691 878 786 editione
911 691 1177 814 accederint,

153 860 252 982 quia
281 858 377 952 [ine
407 859 715 951 ostentationis
753 854 899 986 specie
933 867 1176 959 memorari

148 1023 507 1151 [asianequeunt
530 1019 800 1150 supersedeo.
835 1023 1022 1140 Sufficit,
1039 1024 1174 1122 obelo

146 1222 214 1281 me
240 1184 491 1285 confodisse
515 1189 680 1304 musta,
726 1221 813 1282 nec
838 1188 1081 1317 pepercisse
1104 1194 1175 1311 iis,

146 1387 278 1480 quae,
317 1354 430 1447 olim
452 1354 702 1448 admodum
737 1356 932 1483 probata
965 1379 1045 1450 aut
1066 1390 1176 1485 pro·

146 1520 311 1613 babilia
335 1518 447 1637 visa,
485 1553 609 1615 nunc
629 1518 773 1615 fundo
803 1521 970 1616 idoneo
997 1521 1175 1616 destitui

147 1685 421 1780 ridebannu.
471 1685 617 1782 Video
642 1686 827 1812 quidem
844 1687 936 1781 hoc
956 1685 1039 1781 esse
1058 1691 1176 1783 inter

149 1851 260 1943 mala
283 1883 454 1980 operae
472 1884 621 1967 meae,
650 1851 776 1978 quod
790 1851 915 1944 nulla
932 1852 992 1945 est
1011 1852 1176 1946 harum

152 2017 418 2133 editionum‚'
444 2049 561 2143 quae
576 2017 702 2110 alteri
715 2017 883 2143 vbique
894 2013 1174 2146 respondeat.

155 2183 273 2303 Quid
299 2206 457 2276 tamen
489 2182 767 2275 inhumana
796 2182 885 2276 hac
914 2182 1175 2280 infirmitate

158 2349 303 2465 facias,
349 2381 479 2463 cum,
527 2350 887 2475 quotiescunque
914 2347 1106 2475 aliquid,
1145 2383 1175 2444 a
1305 2418 1308 2422 ι

158 2537 193 2608 te
218 2520 427 2610 curatum
456 2535 536 2606 aut
566 2513 867 2630 elaboratum,
919 2515 1084 2638 iterum
1104 2521 1174 2609 in-

162 2677 349 2808 spexeris,
370 2682 504 2773 toties
517 2678 670 2774 videas
686 2672 782 2794 effe,
807 2709 925 2804 quae
937 2704 1112 2774 mutata
1128 2704 1174 2777 et

163 2846 384 2940 emendata
406 2841 490 2937 effe
508 2845 685 2960 malles,
730 2845 1015 2937 etiamsinon
1036 2850 1173 2942 nimis

162 3009 345 3106 morosus
366 3013 420 3103 sis
442 3034 547 3102 tuae
576 3041 742 3138 operae
770 3010 905 3102 iudex
934 3011 1173 3106 accensor.

161 3180 299 3305 Itaque
321 3179 455 3272 venia
488 3209 671 3302 quoqne
705 3175 856 3266 danda
883 3176 997 3266 mihi
1026 3178 1104 3292 est,
1141 3178 1175 3272 fi

161 3344 371 3437 interdum
402 3345 616 3434 mutarim
646 3340 926 3457 sententiam,
969 3342 1057 3434 alia
1079 3376 1175 3437 am-

162 3503 302 3633 plexus
323 3510 423 3624 sim,
455 3507 612 3600 autad
635 3510 818 3635 pristina
839 3510 1059 3602 redierim.
1101 3512 1175 3604 Est

164 3671 359 3768 immensa
373 3707 526 3767 rerum
544 3673 701 3798 molet,
723 3708 841 3801 quae
858 3678 906 3766 in
920 3699 1015 3768 tam
1031 3675 1171 3807 longo

167 3869 313 3966 operae
342 3836 472 3955 cursu
491 3844 702 3957 occurrit;
748 3875 835 3935 nec
862 3839 1033 3970 semper
1052 3844 1176 3936 idem

168 4006 214 4095 est
233 4011 366 4099 animi
387 4006 569 4101 habitus
592 4030 637 4101 et
656 4005 817 4122 sensus;
850 4005 1077 4101 afferimus
1092 4011 1178 4097 im-

170 4173 390 4291 prudentes
414 4206 487 4292 ea,
512 4206 629 4302 quae
642 4196 794 4266 mente
808 4177 856 4266 in
871 4174 967 4267 aliis
983 4175 1175 4302 negotiis
