2692 4914
275 326 1016 430 ononorconrrrt.1v,73-91
1118 339 1196 440 669

144 513 226 620 lpse
248 541 318 617 per
339 513 480 588 medies
504 517 622 605 acies,
656 511 857 613 insignibus
883 513 961 605 elis,

145 654 319 752 ingentis
342 652 488 721 animos
513 646 665 748 angusto
695 652 736 721 in
759 667 915 748 pectore
940 647 1091 744 versant,

145 785 285 886 Vsque
323 783 421 857 adeo
458 780 589 856 obnixi
622 807 703 855 non
734 782 888 874 cedere,
942 782 1033 857 dum
1069 795 1191 887 grauis

279 983 282 988 .
774 934 839 989 aut
863 915 945 1009 hoe,
1180 1007 1185 1020 .

128 1053 229 1132 tAut
249 1048 320 1122 hos
340 1045 440 1122 verse
460 1045 550 1148 suga
573 1053 694 1125 victor
715 1049 805 1125 dere
825 1070 928 1151 terga
947 1049 1099 1153 subegit.
1140 1057 1189 1132 85

128 1183 202 1271 {Hi
223 1200 347 1256 motus
371 1185 582 1255 animorum
606 1202 720 1284 utque
741 1183 837 1260 haec
864 1190 1067 1260 certamina
1087 1207 1190 1267 tante

128 1317 325 1407 ,Pulueris
351 1319 477 1416 exigui
500 1320 601 1390 iactu
621 1314 814 1417 conpressa
835 1317 1039 1420 quiescunt.

128 1499 135 1546 Ι
222 1454 382 1540 Verum,
423 1449 487 1523 vbi
508 1449 683 1525 ductores
706 1455 786 1526 acie
807 1461 1045 1530 reuocaueris
1064 1457 1189 1553 ambo,

149 1586 331 1664 Deterior
355 1589 422 1685 qui
440 1583 550 1676 visus,
586 1608 690 1676 eum,
732 1609 782 1657 ne
801 1586 980 1688 prodigus
1002 1587 1106 1682 obsit,

128 1760 133 1810 t
146 1719 264 1798 Dede
278 1723 383 1808 neci;
413 1718 548 1792 melior
563 1743 679 1793 vacua
694 1714 771 1792 fine
785 1738 917 1819 regnet
934 1726 975 1794 in
989 1721 1086 1796 aula.
1136 1752 1190 1824 9⁰

146 1853 256 1930 Alter
276 1857 347 1927 erit
366 1850 519 1925 maculis
548 1877 641 1924 auro
672 1850 923 1953 squalentibus
947 1854 1101 1949 ardene3

145 2033 228 2107 pluet
248 2030 308 2084 edd.
322 2028 481 2084 Commeliu.
501 2044 527 2084 et
547 2029 581 2082 nl.
613 2032 685 2100 fluit
706 2045 763 2084 tert.
777 2031 905 2084 Rottend.
925 2046 951 2086 et
968 2032 1040 2087 oud.
1059 2054 1109 2108 pro
1128 2053 1184 2091 ver.

144 2117 210 2174 leet.
278 2118 361 2170 8312:
382 2134 501 2184 corpore
521 2115 586 2168 ester
604 2116 702 2170 Moret·
724 2134 771 2187 pro
784 2132 835 2167 var·
855 2115 933 2177 lect«,
965 2117 1008 2171 sed
1027 2120 1128 2191 wigen
1151 2122 1189 2180 est

145 2201 222 2278 epod
236 2201 325 2255 Schol.
343 2201 419 2257 Statii
431 2199 518 2253 Theb.
533 2202 552 2263 Ι,
566 2209 627 2268 4¹7·
672 2199 735 2253 Post
753 2199 825 2253 bunc
845 2200 944 2254 versum
965 2203 992 2255 in
1013 2204 1058 2258 ult.
1075 2205 1187 2260 Rotteu·

145 2288 257 2360 dorphii
278 2303 347 2350 eret:
387 2284 445 2357 [μβ
465 2294 541 2339 inter
548 2286 615 2356 [ψ
635 2305 714 2357 reges
721 2283 906 2357 fulgentibus
925 2289 989 2341 elie.
1058 2291 1093 2344 85
1102 2291 1189 2361 sube-

138 2370 195 2448 ’με
220 2368 335 2444 reposuit
361 2369 468 2432 Heius..
509 2390 588 2444 quem
616 2371 688 2431 vide,
722 2386 748 2424 vt
774 2389 867 2423 omues
894 2372 1007 2426 Pierieni
1032 2389 1059 2427 et
1080 2393 1189 2447 excepto

145 2457 244 2530 fragm.
268 2457 366 2511 Moret.
395 2454 548 2517 Heinsieni,
579 2457 747 2516 Martinieni.
787 2456 915 2510 Gotheni.
957 2457 1026 2510 Edd.
1054 2459 1190 2516 obsidebat

145 2550 259 2617 coegit,
290 2540 364 2614 quod
376 2541 479 2612 rusgare
495 2542 600 2594 verbum
620 2540 664 2596 est.
700 2540 744 2594 Est
758 2557 846 2594 temen
861 2542 971 2611 Egnet„
992 2561 1059 2615 quoe
1070 2544 1190 2618 subegit

143 2627 263 2685 exbibet.
301 2626 391 2680 Heius.
407 2630 486 2680 etiam
496 2627 595 2700 sagae
616 2635 712 2680 victor
735 2625 806 2678 dare
829 2641 911 2697 terga
930 2626 1053 2680 malebat.
1093 2630 1190 2687 Sedet

143 2715 261 2770 uberum
278 2717 343 2767 Aen.
363 2713 422 2774 ΧΗ,
441 2715 501 2780 465.
523 2731 545 2764 v.
567 2713 657 2765 Butm.
744 2713 778 2779 87
800 2711 945 2780 quiescunt
964 2711 1062 2771 Medic.
1084 2730 1112 2768 et
1134 2732 1187 2770 ent.

141 2801 267 2878 plerique
285 2797 365 2851 codd.
379 2798 450 2871 opud
464 2799 593 2860 Pierium,
623 2814 649 2854 et
668 2814 734 2851 vnue
747 2795 871 2849 Arumtet.
895 2811 920 2848 et
940 2799 1025 2868 recepi
1046 2816 1118 2852 nunc
1138 2820 1188 2872 pro

141 2885 218 2956 vulg.
239 2884 389 2954 quiescent.
441 2884 588 2954 quiescant
607 2882 710 2937 Bodlei.
779 2883 813 2934 88
833 2881 931 2933 ambos
952 2880 1066 2953 Pbilerg.
1086 2899 1113 2935 et
1134 2884 1186 2938 osii.

144 2971 202 3028 sed
230 2969 350 3023 metiore·
382 2971 481 3030 ambo,
525 2986 551 3023 vt
578 2986 604 3024 et
630 2965 763 3024 Charisius
790 2985 820 3019 ec
844 2969 963 3021 Maurus.
994 2968 1046 3021 vid.
1080 2969 1188 3023 Pieriue.

143 3058 184 3128 89
204 3053 294 3125 obstet
311 3055 408 3109 Medic.
433 3074 503 3107 ern.
518 3073 556 3128 pr.
565 3091 575 3118 ,
607 3054 755 3125 ἀρχαϊκοῖς,
793 3051 879 3124 inquit
901 3048 992 3104 Heius·
1040 3070 1077 3104 ne
1093 3061 1190 3122 preos-

145 3141 204 3197 ἆυ
225 3139 328 3194 zulich.
410 3158 441 3212 9¹
463 3143 547 3194 Alter
577 3149 652 3195 enim
682 3139 817 3209 Sengerm.
839 3155 881 3210 ep.
904 3135 1011 3191 cotum.
1033 3137 1081 3200 tx.
1105 3157 1142 3200 ro,
1162 3157 1187 3193 α.

146 3310 186 3361 vt
208 3293 292 3355 bene
313 3294 446 3355 Seruios.
504 3291 651 3375 82.1pfi,
690 3288 878 3358 sedendum
918 3306 1004 3347 nunc
1026 3287 1066 3349 de
1090 3287 1198 3372 specie-

145 3418 250 3482 ξομε.
280 3410 313 3455 vt
334 3397 501 3456 Burmann.
529 3411 647 3458 monet.
691 3412 726 3451 ec
748 3392 854 3451 colore
876 3409 985 3471 regum
1015 3405 1047 3450 et
1074 3407 1192 3454 cetere-

146 3502 203 3580 84.
226 3498 341 3558 obnixi
357 3519 424 3558 non
439 3495 576 3566 cedere,
597 3519 649 3557 vs·
689 3512 759 3553 rum
783 3497 896 3574 epium.
958 3491 1096 3560 melior,
1128 3494 1193 3555 for.

146 3578 216 3688 que
229 3597 314 3659 adeo
336 3598 434 3667 dum:
473 3600 648 3682 invulgati
690 3600 761 3669 tior,
784 3599 892 3656 victor.
928 3592 1104 3676 prodigus,
1122 3593 1153 3658 h.
1169 3597 1190 3660 l.

147 3708 313 3772 oratione,
354 3704 405 3760 ita
441 3701 647 3778 obnitrmtur,
688 3703 744 3782 qui
781 3712 901 3757 tentum
936 3696 999 3758 mel
1027 3696 1189 3773 consumit,

146 3822 191 3870 vt
210 3800 438 3872 noncedant,
483 3802 648 3863 donee-
688 3801 809 3861 nullum
829 3798 892 3880 ipse
912 3813 1010 3881 peret.
1062 3820 1114 3879 91.
1134 3801 1192 3860 Se·

146 3912 204 3993 87.
243 3906 423 3987 compreffa
467 3907 648 3990 quiescant,
690 3918 820 3986 quentee
843 3899 944 3962 versus
967 3905 1076 3961 recitat
1101 3916 1133 3962 et
1153 3902 1190 3961 il·

144 4014 406 4094 comprimuntur.
689 4003 793 4065 lustrat
828 4003 1000 4065 Columella
1038 4003 1190 4080 lx,x10.

158 4147 164 4156 ·
192 4131 247 4198 90.
270 4109 436 4172 Disfidium
453 4111 546 4172 'ciuile
565 4115 649 4172 inter
688 4109 768 4168 Sunt
790 4122 893 4167 eutem
911 4106 977 4165 sere
999 4102 1192 4164 adverbum

143 4225 293 4285 examine
315 4227 427 4276 enecto
450 4213 547 4275 elteno
571 4235 646 4298 rege
689 4232 727 4272 ex
745 4206 907 4271 Aristotele
931 4208 1065 4269 consecti
1086 4205 1126 4266 kb
1149 4208 1187 4268 A.

189 4317 325 4385 Tou-l
738 4313 769 4373 G
777 4331 857 4395 ggg
1123 4326 1124 4329 ¹
