2692 4914
252 341 432 396 xxxvnr
546 256 554 263 ν
602 312 989 391 PRAEFATIO

256 522 434 600 Mediceo
455 519 644 625 antiquior
664 514 732 608 est,
758 516 875 591 tnodo
895 517 971 630 hoc
985 519 1102 593 modo
1124 518 1220 593 illud
1244 517 1297 595 se·

258 663 396 762 quitur.
457 650 585 748 Quid?
627 651 804 752 quodne
825 649 899 751 ipse
924 653 1078 754 quidem
1097 656 1298 732 Mediceus

259 812 400 870 certam
419 806 458 863 et
479 783 709 861 constantem
726 791 912 859 rationem
928 786 1065 881 seruat,
1093 787 1157 863 sed
1179 795 1220 863 in
1236 816 1297 866 ea-

237 928 348 1002 'dem
368 919 557 996 interdum
576 944 670 994 voce
690 919 806 993 modo
827 920 969 996 adhoc
992 922 1108 996 modo
1132 923 1182 995 ad
1202 924 1298 998 illud

259 1056 428 1135 aberrat?
454 1055 542 1127 Plus
557 1051 704 1144 efficias,
718 1051 744 1126 st
759 1060 942 1127 rationem
956 1076 1098 1130 certam
1115 1057 1297 1134 adhibeas

259 1215 299 1272 et
314 1195 415 1264 hunc
429 1194 469 1262 in
484 1187 641 1259 modum
655 1191 938 1286 argumenteris:
973 1195 1226 1291 antiquiorem
1241 1221 1298 1268 ra·

258 1334 403 1404 tionem
417 1323 519 1396 haud
536 1321 650 1395 dubie
664 1319 769 1394 suille
785 1320 974 1396 duriorem
986 1322 1034 1418 ad
1050 1350 1181 1402 aurem
1196 1348 1235 1403 et
1245 1328 1296 1404 se·

256 1466 458 1546 veriorem3
474 1454 696 1529 succedente
709 1473 879 1555 tempore
894 1456 1107 1554 molliorem
1122 1478 1160 1533 et
1175 1459 1296 1534 lenio·

256 1622 338 1673 rem
344 1625 355 1686 ;
399 1587 718 1692 quemadmodum
758 1588 1003 1689 antiquissima
1042 1611 1167 1668 aetate
1192 1596 1297 1671 rudia

255 1731 395 1818 fuerat,
430 1722 581 1798 horrida
608 1696 647 1796 et
671 1719 812 1822 aspera3
861 1725 1058 1800 Maronem
1084 1727 1211 1801 media
1233 1729 1295 1803 illa

255 1869 401 1940 ratione
417 1854 489 1933 elle
499 1855 610 1948 vsum,
634 1853 700 1930 etsi
716 1856 897 1930 nonnulla
910 1883 957 1933 ex
973 1857 1167 1960 asperitate
1178 1863 1296 1962 prisca

255 1995 395 2099 aspersa
408 1991 597 2081 habuerit,
630 2007 669 2061 vt
687 1990 761 2060 olli
774 2016 843 2090 pro
859 1991 930 2082 illi;
964 1991 991 2066 fi
1012 1995 1129 2069 modo
1146 2000 1296 2073 Macro-

253 2132 340 2208 bius
356 2146 394 2202 et
409 2124 551 2198 Gellius
564 2149 643 2197 non
658 2121 724 2196 libi
736 2129 880 2224 imponi
893 2125 983 2227 palli
996 2126 1093 2219 sunt,
1125 2157 1215 2205 cum
1230 2159 1296 2205 an·

252 2272 380 2365 tiquos
398 2259 549 2335 codices
569 2282 639 2358 pro
657 2258 797 2356 Virgilii
816 2286 931 2334 manu
949 2259 1016 2335 srbi
1039 2263 1192 2338 obtrudi
1214 2293 1294 2341 non

254 2394 606 2472 animaduerterent.
659 2394 800 2468 Verum
814 2412 940 2468 tamen
956 2394 1150 2496 sequamur
1164 2400 1240 2476 hoc
1255 2418 1294 2475 et

252 2531 507 2630 relinquamus
523 2529 672 2598 Maroni
694 2522 908 2626 scripturam
926 2528 1044 2622 illam,
1089 2557 1205 2632 quam
1227 2560 1293 2607 an·

251 2670 454 2767 tiquiorem
475 2658 548 2736 elle
571 2678 761 2761 putamus:
803 2686 853 2734 an
871 2689 959 2737 vero
980 2665 1195 2766 putabimus
1218 2694 1290 2745 nos

250 2801 355 2877 illam
376 2795 515 2870 habere
534 2792 615 2867 satis
633 2791 799 2868 certam?
835 2814 873 2870 et
886 2798 1102 2875 Mediceum
1115 2800 1289 2879 codicem

252 2933 326 3012 elle
347 2930 523 3021 fundum,
557 2933 635 3028 cui,
666 2949 704 3003 vt
718 2929 768 3003 ad
783 2935 862 3005 eius
875 2957 1022 3008 morem
1038 2941 1165 3012 omnia
1181 2936 1289 3013 resin.

249 3096 333 3174 gas,
352 3066 439 3139 'satis
453 3068 562 3137 inniti
574 3061 710 3163 pollis?
761 3069 845 3140 Hoc
859 3091 947 3141 vero
962 3069 1056 3143 nihil
1070 3070 1196 3147 rideas
1212 3098 1290 3146 ma·

249 3209 305 3304 gis
326 3199 529 3289 lubricum,
577 3201 809 3299 omninoque
835 3220 915 3274 tota
944 3210 1091 3280 ratione
1118 3207 1213 3279 nihil
1232 3213 1289 3281 in·

248 3330 491 3421 constantius,
517 3328 718 3432 siquidem
739 3333 788 3406 ad
809 3353 911 3409 certa
931 3341 1113 3440 principia
1134 3367 1216 3417 rem
1228 3367 1286 3420 re·

190 3538 195 3551 ,
240 3470 450 3544 vocareris.
509 3467 694 3565 Praecipit
713 3467 777 3541 illa
797 3473 910 3559 ratio,
949 3496 1000 3547 ne
1018 3474 1228 3576 praeposita
1245 3482 1286 3552 in

78 4478 206 4606 k

245 3600 365 3677 verbis
386 3596 597 3698 compositis
621 3599 886 3701 colliquescam
909 3630 996 3679 cum
1018 3607 1144 3698 verbo,
1168 3627 1283 3709 rtque

244 3735 342 3811 adeo
360 3733 535 3809 scribatur
546 3734 739 3815 inludere,
755 3762 836 3810 non
849 3737 1026 3830 illudere;
1051 3744 1280 3824 conludere,

242 3895 323 3944 non
346 3865 557 3954 colludere;
598 3870 804 3968 adripere,
849 3897 929 3946 non
951 3880 1134 3975 accipere.
1203 3880 1280 3951 Cur

240 4021 368 4077 tamen
387 4025 467 4074 non
486 4000 623 4074 eodem
637 4028 743 4078 more
757 4009 915 4104 inperat
928 4006 1121 4083 scribitur?
1158 4029 1207 4102 et,
1235 4008 1277 4104 fi,·

235 4141 413 4238 inperat,
437 4160 505 4210 cur
517 4160 598 4211 nou
618 4155 658 4213 et
675 4142 898 4238 inperiumr’,
941 4170 1012 4239 cur
1026 4169 1124 4221 uon:
1155 4144 1272 4246 obpe-
