2700 4906
275 334 592 437 TERTIAE
627 343 995 443 EDITIONIS
1124 381 1201 448 vrr
1309 394 1315 403 ·

152 541 287 633 bonis
311 541 522 634 moribus
545 536 739 668 suaeque
764 545 955 668 quisque
978 545 1198 639 existima-

154 709 267 801 tioni
288 708 409 799 inter
432 707 582 800 bonos
608 704 700 834 ipse
728 705 918 801 afferret
979 711 1073 841 ¹Sed
1097 709 1196 806 sunt

152 872 384 986 homines,
436 875 518 1000 qui
546 905 605 966 ne
634 870 756 966 hanc
791 874 978 1000 quidem
998 874 1191 969 aliorum

152 1042 295 1130 animi
330 1042 605 1163 aequitatem
639 1070 787 1165 aequo
829 1040 984 1132 animo
1024 1037 1189 1157 senuit,
1286 1122 1289 1129 ,

151 1202 224 1299 sed
253 1236 341 1333 pro
368 1206 505 1295 nouis
538 1199 716 1298 offensis
742 1205 1003 1331 irarumque
1029 1203 1188 1299 caussts

151 1403 252 1462 eam
275 1368 361 1461 tibi
388 1371 627 1496 imputant
683 1370 743 1490 εἴη
765 1365 824 1490 μή
851 1377 957 1471 ποτέ
977 1415 1043 1492 μοι
1064 1377 1187 1469 vorot-

150 1581 217 1636 τον
238 1537 361 1655 ἦθος,
402 1535 553 1633 ὦΖεῦΞ
590 1557 640 1630 vt
663 1568 771 1629 oum
786 1535 984 1629 Pindaro
1008 1535 1183 1664 loquar.

148 1708 244 1797 lam
262 1705 314 1792 in
332 1697 617 1828 praefatione
642 1702 809 1827 prioris
837 1700 1047 1793 editionis
1074 1733 1183 1827 pro-

146 1867 275 1966 fessus
312 1897 459 1983 eram,
515 1898 591 1958 me
629 1865 894 1959 inchoatam
928 1886 1106 1999 tantum
1137 1885 1183 1958 et
1347 1988 1348 1992 Ν

146 2033 413 2162 descriptam
454 2061 644 2156 operam
687 2030 872 2159 publice
906 2061 1181 2158 proponere,

127 2194 263 2327 *quae
289 2221 447 2303 tamen
470 2226 557 2322 pro
583 2193 728 2288 fondo
753 2190 837 2315 elle
867 2194 1000 2322 poffit
1024 2195 1180 2288 studiis
1287 2193 1288 2197 '

147 2371 349 2461 virorum
393 2361 636 2454 doctorum
673 2363 925 2454 coniunctis
967 2363 1016 2452 in
1042 2356 1180 2486 perfi-

148 2531 309 2626 ciendo
344 2557 401 2621 eo
444 2525 569 2654 quod
604 2524 882 2656 designatum
907 2557 935 2615 a
957 2556 1032 2618 me
1061 2545 1176 2639 erat;

149 2697 289 2789 multo
325 2695 450 2786 enim
484 2691 633 2786 rtilius
665 2689 788 2806 sore,
838 2693 987 2786 livua
1027 2688 1180 2815 aliqua

150 2862 283 2954 editio
307 2859 509 2986 repetitis
547 2855 749 2982 plurium
784 2855 937 2949 studiis
972 2878 1018 2948 et
1054 2857 1175 2947 curis

155 3024 409 3120 emendetur
434 3044 480 3115 et
504 3019 823 3148 locupletetur,
853 3021 1049 3146 quamsi
1072 3017 1177 3145 plu·

162 3227 217 3286 es
236 3192 406 3286 iteratis
425 3187 586 3279 itidem
613 3186 786 3280 vicibus
808 3186 969 3278 eadem
987 3215 1174 3278 recoxe·
1307 3231 1309 3237 ·

149 3363 252 3473 rint,
275 3377 356 3448 aut
374 3375 581 3446 veterem
605 3353 864 3484 querelam,
900 3373 949 3446 vt
967 3317 1074 3445 cum
1088 3383 1174 3444 no-

151 3525 233 3616 stro
272 3522 456 3649 loquar,
498 3521 662 3611 iterum
698 3522 952 3643 itenuuque
1000 3525 1173 3610 cecina-

153 3701 252 3781 rint.
304 3693 406 3780 Nec
431 3708 585 3777 tamen
617 3685 690 3778 vel
720 3685 779 3778 fic
807 3685 1022 3810 cuiquam
1056 3684 1175 3774 inui-

155 3853 263 3948 debo
299 3851 389 3949 suis
425 3847 629 3980 auspiciis
663 3850 853 3943 meliora
890 3852 939 3940 in
971 3846 1176 3941 medium

156 4018 409 4145 proferenti,
458 4017 611 4146 quiid
640 4019 845 4146 inprimis
875 4048 960 4143 per
990 4041 1177 4105 omnem

160 4187 274 4285 vitam
293 4187 433 4286 cordi
455 4185 712 4300 habuerim,
743 4194 798 4279 'vt
825 4180 913 4274 alia
935 4180 1091 4308 potius
1108 4177 1178 4267 in·
